2934 4846
551 523 610 588 1)”οὁ
628 526 733 588 verunt·
980 583 981 588 ,
1071 518 1143 590 1¹89

137 693 231 762 stant
248 695 436 788 'praeterea
466 684 502 758 in
535 681 647 785 prima
681 681 793 757 etiam,
819 685 1145 788 conjugationem*

138 805 296 880 meniaca
336 800 511 902 ejusmodi
550 801 655 878 verba
696 811 777 876 curn
818 802 915 880 litera
944 809 966 870 ‘t
993 809 1144 901 ingen&
1255 851 1257 856 .

138 921 201 1000 sed
228 921 342 996 bis-in
369 921 488 1023 lingua
522 919 684 997 senscrita
717 921 941 1024 err-analogia
965 925 1063 1000 v'erbi
1089 933 1143 992 ln?

135 1057 185 1106 ='
213 1041 378 1116 &nemi
413 1036 668 1142 respenderent
704 1037 810 1112 verba
844 1037 1144 1143 syllabarii·na*)

137 1157 312 1247 addentia,
338 1183 431 1259 quae
457 1185 528 1231 non
544 1154 781 1257 reperiuntur.
834 1160 1021 1235 Caeterum
1048 1161 1144 1264 apud

135 1276 340 1352 Armenios
358 1277 448 1350 b'aec
469 1274 590 1359 verbo,
625 1302 717 1374 quae
742 1271 875 1350 literam
898 1279 920 1339 7¹
945 1277 1144 1368 adsumunt,

137 1399 251 1496 quum
279 1408 464 1495 praeterea
483 1392 519 1466 in
545 1391 694 1466 flexione
719 1421 738 1466 a
764 1392 907 1495 reliquis
931 1396 1045 1470 verbis
1069 1428 1143 1473 non

137 1511 339 1600 deflectant,
370 1512 500 1585 horu'm
532 1509 837 1612 conjugationibus
868 1542 939 1588 non
965 1514 1040 1588 sine
1063 1515 1144 1614 jure

139 1639 376 1706 accensentur.

143 1790 145 1798 ·
214 1753 295 1823 Jam
318 1775 405 1823 vero
423 1746 517 1821 'hoec
535 1746 822 1847 conjugationum
847 1748 1046 1825 differentia
1071 1773 1143 1826 non

115 1870 177 1950 ,in
202 1865 366 1941 omnibus
397 1865 613 1968 temporibus
648 1895 690 1940 ac
721 1866 850 1954 mo'dis,
882 1867 943 1942 sed
974 1870 1010 1944 in
1043 1855 1145 1944 certis

131 1991 278 2092 ¹tantuin
306 1982 517 2086 quibusdam
549 1983 667 2057 locum
693 1984 815 2071 habet,
840 1984 953 2087 iisque
977 1987 1013 2059 in
1036 1989 1145 2062 Prae-

140 2105 238 2194 senti,
263 2101 485 2204 Imperfecto,
508 2101 647 2175 Auristo
665 2101 843 2204 primoet
857 2107 994 2178 Futuro
1019 2104 1145 2206 primo,¹

139 2241 247 2328 atque
278 2222 315 2296 in
351 2227 473 2294 eorum
501 2217 631 2310 modis;
663 2222 698 2295 in
726 2221 869 2324 reliquis
894 2241 978 2298 vero
1004 2224 1146 2297 nonnisi

139 2340 231 2416 duae
257 2337 403 2427 formae,
427 2337 538 2413 Activi
565 2367 693 2441 nempe
721 2356 756 2414 et
779 2341 910 2416 Passivi
936 2342 1018 2416 siue·
1035 2341 1143 2416 Medii

139 2451 412 2560 distinguuntur,
433 2486 531 2558 ¹quae
557 2457 825 2560 Perasmaipado
844 2463 886 2534 'et
902 2459 1145 2561 Atniandpadd

138 2578 280 2679 linguae
322 2577 506 2650 s'anscritae
548 2577 740 2678 comparari
780 2596 961 2679 possunt..
986 2578 1079 2650 Hinc
1111 2594 1146 2650 et

141 2694 388 2772 Armeniorum
414 2693 531 2794 lingua
559 2692 742 2768 discrimen
766 2696 920 2796 agnoscit
944 2695 1035 2768 inter
1059 2712 1147 2770 tem-

146 2841 227 2916 pora
254 2813 431 2914 specialia
448 2811 510 2926 ⁴⁸⁴⁸),
535 2810 571 2883 in
600 2812 729 2912 quibus
755 2821 907 2913 quatuor
932 2811 1054 2886 classes¹
1083 2841 1145 2886 seu

149 2931 412 3031 conjugationes
438 2928 697 3017 discernuntur,
724 2949 760 3004 et
780 2933 981 3028 generabit,
1005 2932 1054 3004 in*
1069 2931 1147 3032 qui*

144 3049 207 3122 bus
241 3049 329 3123 haec
363 3046 561 3122 differentia
593 3046 728 3122 desinit.
779 3055 834 3132 De
869 3049 1033 3124 hisvero
1060 3069 1146 3122 tem·

141 3167 286 3270 poribus
320 3196 515 3268 eorumque
542 3163 671 3254 modis,
695 3183 766 3240 tam
793 3167 1013 3268 specialibus,
1039 3196 1146 3269 quam

139 3285 375 3389 generalibus,
402 3314 498 3359 nunc
524 3283 687 3386 deinceps
714 3284 933 3360 disseramus.

216 3407 246 3502 ἓ.
272 3408 308 3479 3.
339 3404 503 3505 Tempus
539 3432 720 3503 praesens
752 3406 867 3506 signo,
902 3433 974 3507 quo
1007 3419 1147 3501 tempus

135 3523 329 3612 indicatur,
362 3513 504 3624 prorsus
530 3551 659 3596 carens·
677 3529 915 3624 personarum
932 3521 1147 3596 characteres

135 3642 331 3740 interjectis
366 3659 499 3714 tantum
535 3641 711 3716 vocalibus
746 3642 1033 3744 conjugationum
1059 3637 1148 3710 ‘clia-

134 3759 356 3836 racteristiris
380 3759 554 3861 radicibus
581 3761 652 3834 sive
679 3761 843 3862 stirpibus
875 3761 910 3834 in
936 3757 1147 3833 Indt'cutt'vo

218 3951 246 4024 *)
267 3951 382 4012 Scilicet
408 3972 471 4010 cum
491 3972 511 4007 α
530 3949 620 4010 brevi.

156 4061 168 4078 ·’
219 4044 265 4119 “’)
286 4044 329 4105 cf·
342 4045 439 4123 Bopp,
457 4039 648 4102 Grammatico
668 4045 764 4122 critica
783 4043 895 4128 linguae
915 4040 1077 4113 musoritae,
1091 4036 1146 4096 rod.

131 4139 228 4200 altera
248 4136 343 4197 Berol.
363 4139 429 4201 832,
453 4157 517 4220 pag,
540 4140 603 4199 141,
625 4135 653 4219 §
673 4142 739 4202 297,
1123 4129 1126 4136 '
