2912 4846
160 957 312 1082 Nemo
347 1006 518 1104 prolecto
558 1005 692 1082 mirari
732 1011 891 1107 poterit,
944 1009 1051 1110 quod
1090 1013 1176 1084 Tuo

161 1123 331 1212 Nomini,
350 1123 418 1201 Vir
439 1123 782 1216 Reverendissime,
798 1147 890 1230 prae
908 1128 1061 1205 caeteris
1080 1124 1177 1202 hanc

164 1242 349 1343 opellam,
380 1255 564 1341 tanquam
597 1243 771 1341 primum
805 1246 919 1321 studii
945 1245 1023 1321 mei
1055 1269 1179 1320 arme-

162 1361 258 1435 niaci
295 1359 490 1459 specimen
530 1359 739 1436 inscribere
764 1362 965 1438 voluerim.
1018 1363 1178 1459 Cognita

162 1480 267 1554 enim
309 1491 364 1552 est
404 1476 591 1562 doctrina,
639 1479 789 1576 cognita
829 1481 1043 1555 humanitas
1086 1485 1177 1565 Tua,

162 1619 401 1696 morumque
445 1609 483 1670 et
512 1595 629 1670 animi
662 1596 816 1673 candor.
869 1602 956 1672 Tuo
988 1597 1062 1672 sub
1093 1621 1178 1670 mo·

158 1713 361 1800 deramine
387 1714 487 1810 viget
506 1712 706 1802 Academia
731 1715 1008 1790 Armeniorum
1031 1719 1179 1803 Crusca,

162 1845 201 1906 et
236 1833 275 1905 in
310 1830 390 1906 dies
422 1833 660 1906 incrementa
685 1833 790 1936 capit.
843 1837 898 1908 Te
925 1833 1179 1932 prospiciente

162 1950 254 2024 novi
286 1973 441 2050 semper
476 1948 672 2024 literarum
713 1951 974 2026 armeniarum
1012 1949 1178 2025 thesauri

162 2080 355 2142 eruuntur
388 2081 426 2143 et
452 2066 613 2160 castigati
638 2067 679 2140 in
712 2067 839 2142 lucem
864 2067 1068 2167 prodeunt.
1117 2072 1174 2140 Te

163 2198 320 2260 curante
336 2185 482 2284 ubique
499 2196 701 2273 terrarum,
718 2183 785 2259 ubi
800 2185 1018 2261 armenium
1031 2205 1178 2257 nomen

137 2317 202 2378 ‘et
235 2303 405 2378 armenia
430 2299 559 2398 lingua
585 2301 754 2391 auditur,
779 2303 850 2380 viri
877 2313 1180 2387 commorantur,
1214 2371 1217 2388 ι

162 2434 242 2494 tam
264 2421 399 2519 pietate
425 2433 462 2496 et
488 2441 648 2494 morum
674 2421 886 2516 integritate
904 2441 1019 2522 quam
1043 2417 1180 2494 doctri·

164 2563 237 2612 nae
253 2536 365 2614 laude
391 2539 575 2634 insigneS,
609 2538 675 2637 qui
708 2537 855 2612 scholas
890 2547 1105 2630 exstruunt,
1143 2548 1180 2613 et

163 2655 356 2756 populum
373 2655 540 2730 tenebris
566 2654 765 2756 hucusque
782 2655 968 2730 obrutum
986 2653 1181 2750 religionis

165 2786 203 2850 et
219 2774 463 2850 scientiarum
480 2772 627 2846 lumine
645 2757 876 2846 collustra'nt.
913 2778 969 2847 Te
987 2770 1179 2846 adnuente

164 2891 377 2991 peregrinis
394 2889 496 2996 haud
523 2891 650 2989 paucis
668 2887 770 2966 licuit
787 2888 957 2985 linguam
976 2895 1100 2964 Tuam
1118 2913 1180 2986 pa-

163 3009 278 3084 triam
308 3023 347 3084 et
377 3009 502 3084 literas
534 3009 575 3082 in
607 3007 743 3084 illustri
774 3012 946 3083 Tuorum
985 3018 1180 3084 conventu

164 3141 349 3226 tanquam
364 3125 472 3201 fonte
489 3125 754 3224 limpidissimo
773 3125 951 3201 ediscere.
992 3129 1179 3223 Expertus

166 3244 325 3345 loquor;
352 3267 442 3318 nam
460 3243 610 3318 etmihi
629 3257 707 3317 tam
726 3241 824 3319 felici
842 3268 922 3318 esse
946 3242 1112 3338 contigit,
1136 3254 1181 3314 ut

166 3363 327 3439 comiter
352 3385 394 3435 ac
417 3359 606 3438 benevole
631 3387 652 3436 a
677 3366 732 3437 Te
749 3361 919 3460 Tuisque
937 3372 1112 3458 exceptus
1138 3383 1182 3433 er

167 3479 307 3556 eodem
332 3477 442 3552 fonte
467 3479 680 3566 haurirem,
714 3493 751 3554 et
777 3503 859 3554 non
884 3491 1034 3553 tantum
1060 3477 1181 3550 litera-

169 3620 260 3669 rum
293 3600 516 3671 Vestrarum
558 3597 777 3694 cognitione
817 3596 1005 3684 imbutus,
1038 3617 1178 3672 verum

170 3714 285 3788 etiam
312 3712 505 3790 doctrinae
539 3728 577 3790 et
606 3713 849 3791 humanitatis
874 3718 1030 3789 Vestrae
1061 3711 1181 3787 admi-

169 3830 318 3904 ratione
344 3829 503 3907 afsectus
529 3831 706 3909 redirem.
759 3835 892 3932 ltaque
909 3844 1067 3942 quantas
1084 3828 1180 3916 Tibi,

168 3947 238 4023 Vir
263 3971 418 4023 summe
443 3948 671 4026 Reverende
698 3953 832 4048 gratias
855 3947 1028 4037 habeam,
1054 3946 1179 4022 dicere

169 4064 229 4140 vix
254 4074 422 4162 possum.
