<?xml version="1.0" encoding="UTF-8"?>
<!DOCTYPE html PUBLIC "-//W3C//DTD XHTML 1.0 Transitional//EN"
    "http://www.w3.org/TR/xhtml1/DTD/xhtml1-transitional.dtd">
<html xmlns="http://www.w3.org/1999/xhtml" xml:lang="en" lang="en">
 <head>
  <title>
</title>
<meta http-equiv="Content-Type" content="text/html;charset=utf-8" />
  <meta name='ocr-system' content='tesseract 3.04.00' />
  <meta name='ocr-capabilities' content='ocr_page ocr_carea ocr_par ocr_line ocrx_word'/>
</head>
<body>
  <div class='ocr_page' id='page_1' title='image "./grammaticalingu00petegoog_0017.png"; bbox 0 0 2912 4846; ppageno 0'>
   <div class='ocr_carea' id='block_1_1' title="bbox 260 495 288 544">
    <p class='ocr_par' dir='ltr' id='par_1_1' title="bbox 260 495 288 544">
     <span class='ocr_line' id='line_1_1' title="bbox 260 495 288 544; baseline 0 0"><span class='ocrx_word' id='word_1_1' title='bbox 260 495 288 544; x_wconf 83' lang='lat' dir='ltr'>X</span> 
     </span>
    </p>
   </div>
   <div class='ocr_carea' id='block_1_2' title="bbox 206 639 1307 4018">
    <p class='ocr_par' dir='ltr' id='par_1_2' title="bbox 219 639 1307 2113">
     <span class='ocr_line' id='line_1_2' title="bbox 262 639 1268 745; baseline -0.004 -27"><span class='ocrx_word' id='word_1_2' title='bbox 262 673 321 718; x_wconf 94' lang='lat' dir='ltr'>eos</span> <span class='ocrx_word' id='word_1_3' title='bbox 348 643 568 745; x_wconf 67' lang='lat' dir='ltr'>inspicerent,</span> <span class='ocrx_word' id='word_1_4' title='bbox 594 670 633 717; x_wconf 90' lang='lat' dir='ltr'>ac</span> <span class='ocrx_word' id='word_1_5' title='bbox 651 639 854 734; x_wconf 80' lang='lat' dir='ltr'>difficillime</span> <span class='ocrx_word' id='word_1_6' title='bbox 878 639 1179 742; x_wconf 82' lang='lat' dir='ltr'>comparabantur,</span> <span class='ocrx_word' id='word_1_7' title='bbox 1206 640 1268 715; x_wconf 94' lang='lat' dir='ltr'>do·</span> 
     </span>
     <span class='ocr_line' id='line_1_3' title="bbox 261 757 1266 861; baseline -0.003 -27"><span class='ocrx_word' id='word_1_8' title='bbox 261 789 327 834; x_wconf 90' lang='lat' dir='ltr'>nec</span> <span class='ocrx_word' id='word_1_9' title='bbox 352 759 563 861; x_wconf 84' lang='lat' dir='ltr'>bibliopolae</span> <span class='ocrx_word' id='word_1_10' title='bbox 586 757 730 861; x_wconf 91' lang='lat' dir='ltr'>quidam</span> <span class='ocrx_word' id='word_1_11' title='bbox 757 757 966 833; x_wconf 86' lang='lat' dir='ltr'>Germaniae</span> <span class='ocrx_word' id='word_1_12' title='bbox 992 757 1061 831; x_wconf 92' lang='lat' dir='ltr'>hoc</span> <span class='ocrx_word' id='word_1_13' title='bbox 1086 758 1266 860; x_wconf 74' lang='lat' dir='ltr'>negotium</span> 
     </span>
     <span class='ocr_line' id='line_1_4' title="bbox 261 873 1267 961; baseline -0.004 -9"><span class='ocrx_word' id='word_1_14' title='bbox 261 875 491 954; x_wconf 82' lang='lat' dir='ltr'>sublevarent.</span> <span class='ocrx_word' id='word_1_15' title='bbox 543 874 612 951; x_wconf 88' lang='lat' dir='ltr'>Sed</span> <span class='ocrx_word' id='word_1_16' title='bbox 639 873 856 952; x_wconf 87' lang='lat' dir='ltr'>desideratur</span> <span class='ocrx_word' id='word_1_17' title='bbox 880 873 996 948; x_wconf 91' lang='lat' dir='ltr'>adhuc</span> <span class='ocrx_word' id='word_1_18' title='bbox 1023 875 1267 961; x_wconf 90' lang='lat' dir='ltr'>Grammatica,</span> 
     </span>
     <span class='ocr_line' id='line_1_5' title="bbox 260 990 1269 1094; baseline -0.003 -27"><span class='ocrx_word' id='word_1_19' title='bbox 260 1020 373 1094; x_wconf 90' lang='lat' dir='ltr'>eaque</span> <span class='ocrx_word' id='word_1_20' title='bbox 398 993 445 1067; x_wconf 90' lang='lat' dir='ltr'>ita</span> <span class='ocrx_word' id='word_1_21' title='bbox 472 1009 680 1094; x_wconf 83' lang='lat' dir='ltr'>comparata,</span> <span class='ocrx_word' id='word_1_22' title='bbox 705 1010 762 1081; x_wconf 84' lang='lat' dir='ltr'>ut,</span> <span class='ocrx_word' id='word_1_23' title='bbox 789 1018 880 1091; x_wconf 90' lang='lat' dir='ltr'>quae</span> <span class='ocrx_word' id='word_1_24' title='bbox 906 1008 956 1064; x_wconf 88' lang='lat' dir='ltr'>est</span> <span class='ocrx_word' id='word_1_25' title='bbox 982 990 1154 1065; x_wconf 90' lang='lat' dir='ltr'>hodierno</span> <span class='ocrx_word' id='word_1_26' title='bbox 1180 1007 1269 1064; x_wconf 89' lang='lat' dir='ltr'>tem·</span> 
     </span>
     <span class='ocr_line' id='line_1_6' title="bbox 259 1106 1269 1211; baseline -0.002 -29"><span class='ocrx_word' id='word_1_27' title='bbox 259 1137 346 1211; x_wconf 90' lang='lat' dir='ltr'>pore</span> <span class='ocrx_word' id='word_1_28' title='bbox 381 1106 485 1183; x_wconf 85' lang='lat' dir='ltr'>studii</span> <span class='ocrx_word' id='word_1_29' title='bbox 517 1109 732 1211; x_wconf 84' lang='lat' dir='ltr'>grammatici</span> <span class='ocrx_word' id='word_1_30' title='bbox 765 1106 935 1194; x_wconf 90' lang='lat' dir='ltr'>conditio,</span> <span class='ocrx_word' id='word_1_31' title='bbox 967 1107 1003 1182; x_wconf 92' lang='lat' dir='ltr'>in</span> <span class='ocrx_word' id='word_1_32' title='bbox 1030 1107 1182 1210; x_wconf 85' lang='lat' dir='ltr'>singulas</span> <span class='ocrx_word' id='word_1_33' title='bbox 1207 1109 1269 1180; x_wconf 88' lang='lat' dir='ltr'>lle-</span> 
     </span>
     <span class='ocr_line' id='line_1_7' title="bbox 258 1223 1267 1326; baseline -0.002 -26"><span class='ocrx_word' id='word_1_34' title='bbox 258 1224 370 1300; x_wconf 77' lang='lat' dir='ltr'>rionis</span> <span class='ocrx_word' id='word_1_35' title='bbox 402 1225 533 1299; x_wconf 80' lang='lat' dir='ltr'>formas</span> <span class='ocrx_word' id='word_1_36' title='bbox 558 1225 728 1326; x_wconf 88' lang='lat' dir='ltr'>inquirat,</span> <span class='ocrx_word' id='word_1_37' title='bbox 752 1245 947 1326; x_wconf 87' lang='lat' dir='ltr'>earumque</span> <span class='ocrx_word' id='word_1_38' title='bbox 974 1224 1144 1324; x_wconf 84' lang='lat' dir='ltr'>originem</span> <span class='ocrx_word' id='word_1_39' title='bbox 1170 1223 1267 1298; x_wconf 89' lang='lat' dir='ltr'>inda-</span> 
     </span>
     <span class='ocr_line' id='line_1_8' title="bbox 259 1338 1267 1441; baseline -0.003 -26"><span class='ocrx_word' id='word_1_40' title='bbox 259 1359 326 1440; x_wconf 87' lang='lat' dir='ltr'>get.</span> <span class='ocrx_word' id='word_1_41' title='bbox 379 1339 587 1416; x_wconf 88' lang='lat' dir='ltr'>Schroederi</span> <span class='ocrx_word' id='word_1_42' title='bbox 619 1341 712 1415; x_wconf 92' lang='lat' dir='ltr'>enim</span> <span class='ocrx_word' id='word_1_43' title='bbox 739 1340 923 1415; x_wconf 83' lang='lat' dir='ltr'>thesaurus</span> <span class='ocrx_word' id='word_1_44' title='bbox 951 1339 1095 1414; x_wconf 90' lang='lat' dir='ltr'>minime</span> <span class='ocrx_word' id='word_1_45' title='bbox 1123 1338 1267 1441; x_wconf 90' lang='lat' dir='ltr'>quidem</span> 
     </span>
     <span class='ocr_line' id='line_1_9' title="bbox 261 1454 1267 1560; baseline -0.002 -30"><span class='ocrx_word' id='word_1_46' title='bbox 261 1455 526 1558; x_wconf 89' lang='lat' dir='ltr'>despernendus</span> <span class='ocrx_word' id='word_1_47' title='bbox 551 1486 631 1532; x_wconf 90' lang='lat' dir='ltr'>raro</span> <span class='ocrx_word' id='word_1_48' title='bbox 651 1457 722 1556; x_wconf 90' lang='lat' dir='ltr'>jam</span> <span class='ocrx_word' id='word_1_49' title='bbox 749 1474 784 1530; x_wconf 92' lang='lat' dir='ltr'>et</span> <span class='ocrx_word' id='word_1_50' title='bbox 801 1485 929 1560; x_wconf 89' lang='lat' dir='ltr'>magno</span> <span class='ocrx_word' id='word_1_51' title='bbox 957 1457 1069 1556; x_wconf 87' lang='lat' dir='ltr'>pretio</span> <span class='ocrx_word' id='word_1_52' title='bbox 1096 1454 1267 1554; x_wconf 83' lang='lat' dir='ltr'>venditur,</span> 
     </span>
     <span class='ocr_line' id='line_1_10' title="bbox 259 1573 1267 1674; baseline -0.002 -28"><span class='ocrx_word' id='word_1_53' title='bbox 259 1601 299 1646; x_wconf 88' lang='lat' dir='ltr'>ac</span> <span class='ocrx_word' id='word_1_54' title='bbox 333 1590 472 1648; x_wconf 90' lang='lat' dir='ltr'>nostrae</span> <span class='ocrx_word' id='word_1_55' title='bbox 504 1575 606 1648; x_wconf 84' lang='lat' dir='ltr'>aetati</span> <span class='ocrx_word' id='word_1_56' title='bbox 637 1600 710 1646; x_wconf 91' lang='lat' dir='ltr'>non</span> <span class='ocrx_word' id='word_1_57' title='bbox 745 1573 894 1674; x_wconf 90' lang='lat' dir='ltr'>amplius</span> <span class='ocrx_word' id='word_1_58' title='bbox 927 1573 1108 1662; x_wconf 87' lang='lat' dir='ltr'>convenit;</span> <span class='ocrx_word' id='word_1_59' title='bbox 1142 1577 1267 1648; x_wconf 90' lang='lat' dir='ltr'>Gram-</span> 
     </span>
     <span class='ocr_line' id='line_1_11' title="bbox 219 1688 1267 1791; baseline 0.002 -31"><span class='ocrx_word' id='word_1_60' title='bbox 219 1712 223 1718; x_wconf 89' lang='lat'>·</span> <span class='ocrx_word' id='word_1_61' title='bbox 257 1688 403 1763; x_wconf 79' lang='lat' dir='ltr'>maricae</span> <span class='ocrx_word' id='word_1_62' title='bbox 432 1715 528 1765; x_wconf 85' lang='lat' dir='ltr'>-vero</span> <span class='ocrx_word' id='word_1_63' title='bbox 553 1689 888 1789; x_wconf 83' lang='lat' dir='ltr'>Mechitaristarum</span> <span class='ocrx_word' id='word_1_64' title='bbox 937 1689 1088 1791; x_wconf 86' lang='lat' dir='ltr'>optimae</span> <span class='ocrx_word' id='word_1_65' title='bbox 1110 1717 1188 1787; x_wconf 88' lang='lat' dir='ltr'>eae</span> <span class='ocrx_word' id='word_1_66' title='bbox 1228 1715 1267 1762; x_wconf 88' lang='lat' dir='ltr'>ac</span> 
     </span>
     <span class='ocr_line' id='line_1_12' title="bbox 230 1799 1307 1906; baseline 0.001 -29"><span class='ocrx_word' id='word_1_67' title='bbox 230 1805 569 1906; x_wconf 52' lang='lat' dir='ltr'>⁴praestantissimae</span> <span class='ocrx_word' id='word_1_68' title='bbox 600 1805 637 1879; x_wconf 87' lang='lat' dir='ltr'>in</span> <span class='ocrx_word' id='word_1_69' title='bbox 671 1833 775 1879; x_wconf 92' lang='lat' dir='ltr'>usum</span> <span class='ocrx_word' id='word_1_70' title='bbox 802 1832 995 1906; x_wconf 87' lang='lat' dir='ltr'>puerorum</span> <span class='ocrx_word' id='word_1_71' title='bbox 1029 1804 1266 1899; x_wconf 86' lang='lat' dir='ltr'>armeniorum</span> <span class='ocrx_word' id='word_1_72' title='bbox 1304 1799 1307 1808; x_wconf 65' lang='grc'><strong>’</strong></span> 
     </span>
     <span class='ocr_line' id='line_1_13' title="bbox 257 1919 1266 2024; baseline 0 -32"><span class='ocrx_word' id='word_1_73' title='bbox 257 1919 377 2021; x_wconf 66' lang='lat' dir='ltr'>lingua</span> <span class='ocrx_word' id='word_1_74' title='bbox 410 1921 533 2022; x_wconf 69' lang='lat' dir='ltr'>patria-</span> <span class='ocrx_word' id='word_1_75' title='bbox 555 1922 788 2024; x_wconf 87' lang='lat' dir='ltr'>conscriptae,</span> <span class='ocrx_word' id='word_1_76' title='bbox 813 1939 847 1996; x_wconf 91' lang='lat' dir='ltr'>et</span> <span class='ocrx_word' id='word_1_77' title='bbox 872 1921 970 1995; x_wconf 87' lang='lat' dir='ltr'>hunc</span> <span class='ocrx_word' id='word_1_78' title='bbox 996 1920 1032 1993; x_wconf 92' lang='lat' dir='ltr'>in</span> <span class='ocrx_word' id='word_1_79' title='bbox 1058 1921 1167 1993; x_wconf 83' lang='lat' dir='ltr'>finem</span> <span class='ocrx_word' id='word_1_80' title='bbox 1193 1947 1266 1993; x_wconf 95' lang='lat' dir='ltr'>non</span> 
     </span>
     <span class='ocr_line' id='line_1_14' title="bbox 258 2034 1154 2113; baseline 0.003 -5"><span class='ocrx_word' id='word_1_81' title='bbox 258 2034 453 2111; x_wconf 85' lang='lat' dir='ltr'>elaboratae</span> <span class='ocrx_word' id='word_1_82' title='bbox 479 2055 570 2113; x_wconf 89' lang='lat' dir='ltr'>sunt.</span> <span class='ocrx_word' id='word_1_83' title='bbox 622 2091 624 2098; x_wconf 75' lang='lat'><em>·</em></span> <span class='ocrx_word' id='word_1_84' title='bbox 1152 2099 1154 2104; x_wconf 67' lang='lat'>,</span> 
     </span>
    </p>

    <p class='ocr_par' dir='ltr' id='par_1_3' title="bbox 252 2151 1279 3068">
     <span class='ocr_line' id='line_1_15' title="bbox 331 2151 1266 2255; baseline 0 -26"><span class='ocrx_word' id='word_1_85' title='bbox 331 2158 433 2248; x_wconf 83' lang='lat' dir='ltr'>Quae</span> <span class='ocrx_word' id='word_1_86' title='bbox 472 2182 584 2253; x_wconf 91' lang='lat' dir='ltr'>quum</span> <span class='ocrx_word' id='word_1_87' title='bbox 623 2155 669 2228; x_wconf 89' lang='lat' dir='ltr'>ita</span> <span class='ocrx_word' id='word_1_88' title='bbox 710 2156 795 2240; x_wconf 90' lang='lat' dir='ltr'>sint,</span> <span class='ocrx_word' id='word_1_89' title='bbox 834 2153 1000 2255; x_wconf 88' lang='lat' dir='ltr'>equidem</span> <span class='ocrx_word' id='word_1_90' title='bbox 1040 2151 1266 2229; x_wconf 88' lang='lat' dir='ltr'>suadentibus</span> 
     </span>
     <span class='ocr_line' id='line_1_16' title="bbox 255 2267 1265 2373; baseline 0 -29"><span class='ocrx_word' id='word_1_91' title='bbox 255 2267 336 2373; x_wconf 82' lang='lat' dir='ltr'>viris</span> <span class='ocrx_word' id='word_1_92' title='bbox 371 2267 481 2342; x_wconf 88' lang='lat' dir='ltr'>doctis</span> <span class='ocrx_word' id='word_1_93' title='bbox 521 2268 625 2344; x_wconf 86' lang='lat' dir='ltr'>talem</span> <span class='ocrx_word' id='word_1_94' title='bbox 657 2267 829 2356; x_wconf 88' lang='lat' dir='ltr'>laborem,</span> <span class='ocrx_word' id='word_1_95' title='bbox 866 2269 946 2341; x_wconf 88' lang='lat' dir='ltr'>licet</span> <span class='ocrx_word' id='word_1_96' title='bbox 980 2270 1011 2342; x_wconf 91' lang='lat' dir='ltr'>ei</span> <span class='ocrx_word' id='word_1_97' title='bbox 1053 2297 1174 2369; x_wconf 85' lang='lat' dir='ltr'>parem</span> <span class='ocrx_word' id='word_1_98' title='bbox 1208 2298 1265 2344; x_wconf 90' lang='lat' dir='ltr'>me</span> 
     </span>
     <span class='ocr_line' id='line_1_17' title="bbox 256 2384 1265 2486; baseline 0.002 -28"><span class='ocrx_word' id='word_1_99' title='bbox 256 2411 330 2458; x_wconf 90' lang='lat' dir='ltr'>esse</span> <span class='ocrx_word' id='word_1_100' title='bbox 357 2384 501 2458; x_wconf 87' lang='lat' dir='ltr'>minime</span> <span class='ocrx_word' id='word_1_101' title='bbox 527 2385 701 2470; x_wconf 89' lang='lat' dir='ltr'>sentirem,</span> <span class='ocrx_word' id='word_1_102' title='bbox 727 2385 762 2458; x_wconf 89' lang='lat' dir='ltr'>in</span> <span class='ocrx_word' id='word_1_103' title='bbox 791 2412 847 2458; x_wconf 93' lang='lat' dir='ltr'>me</span> <span class='ocrx_word' id='word_1_104' title='bbox 878 2384 1025 2486; x_wconf 86' lang='lat' dir='ltr'>suscepi,</span> <span class='ocrx_word' id='word_1_105' title='bbox 1049 2401 1084 2457; x_wconf 91' lang='lat' dir='ltr'>et</span> <span class='ocrx_word' id='word_1_106' title='bbox 1110 2384 1265 2486; x_wconf 91' lang='lat' dir='ltr'>priorem</span> 
     </span>
     <span class='ocr_line' id='line_1_18' title="bbox 256 2499 1264 2603; baseline 0.004 -31"><span class='ocrx_word' id='word_1_107' title='bbox 256 2499 332 2598; x_wconf 90' lang='lat' dir='ltr'>ejus</span> <span class='ocrx_word' id='word_1_108' title='bbox 358 2518 493 2603; x_wconf 89' lang='lat' dir='ltr'>partem</span> <span class='ocrx_word' id='word_1_109' title='bbox 527 2499 571 2576; x_wconf 84' lang='lat' dir='ltr'>ad</span> <span class='ocrx_word' id='word_1_110' title='bbox 597 2502 705 2580; x_wconf 85' lang='lat' dir='ltr'>finem</span> <span class='ocrx_word' id='word_1_111' title='bbox 732 2529 828 2576; x_wconf 94' lang='lat' dir='ltr'>nunc</span> <span class='ocrx_word' id='word_1_112' title='bbox 853 2500 1059 2602; x_wconf 88' lang='lat' dir='ltr'>perductam</span> <span class='ocrx_word' id='word_1_113' title='bbox 1084 2501 1121 2575; x_wconf 90' lang='lat' dir='ltr'>in</span> <span class='ocrx_word' id='word_1_114' title='bbox 1149 2500 1264 2588; x_wconf 85' lang='lat' dir='ltr'>lucem</span> 
     </span>
     <span class='ocr_line' id='line_1_19' title="bbox 254 2616 1279 2719; baseline 0.005 -31"><span class='ocrx_word' id='word_1_115' title='bbox 254 2616 386 2706; x_wconf 85' lang='lat' dir='ltr'>emitto,</span> <span class='ocrx_word' id='word_1_116' title='bbox 412 2645 554 2718; x_wconf 90' lang='lat' dir='ltr'>sperans</span> <span class='ocrx_word' id='word_1_117' title='bbox 583 2617 669 2702; x_wconf 85' lang='lat' dir='ltr'>fore,</span> <span class='ocrx_word' id='word_1_118' title='bbox 696 2634 736 2692; x_wconf 86' lang='lat' dir='ltr'>ut</span> <span class='ocrx_word' id='word_1_119' title='bbox 763 2618 915 2719; x_wconf 89' lang='lat' dir='ltr'>primum</span> <span class='ocrx_word' id='word_1_120' title='bbox 941 2618 1009 2714; x_wconf 88' lang='lat' dir='ltr'>hoc</span> <span class='ocrx_word' id='word_1_121' title='bbox 1027 2617 1201 2717; x_wconf 91' lang='lat' dir='ltr'>specimen</span> <span class='ocrx_word' id='word_1_122' title='bbox 1230 2628 1279 2693; x_wconf 56' lang='lat' dir='ltr'>et*</span> 
     </span>
     <span class='ocr_line' id='line_1_20' title="bbox 253 2723 1262 2836; baseline 0.005 -31"><span class='ocrx_word' id='word_1_123' title='bbox 253 2749 432 2808; x_wconf 88' lang='lat' dir='ltr'>tentamen</span> <span class='ocrx_word' id='word_1_124' title='bbox 464 2723 596 2836; x_wconf 89' lang='lat' dir='ltr'>aequos</span> <span class='ocrx_word' id='word_1_125' title='bbox 628 2733 775 2808; x_wconf 88' lang='lat' dir='ltr'>lectores</span> <span class='ocrx_word' id='word_1_126' title='bbox 806 2763 846 2808; x_wconf 90' lang='lat' dir='ltr'>ac</span> <span class='ocrx_word' id='word_1_127' title='bbox 872 2732 1062 2810; x_wconf 87' lang='lat' dir='ltr'>benevolos</span> <span class='ocrx_word' id='word_1_128' title='bbox 1088 2736 1262 2810; x_wconf 88' lang='lat' dir='ltr'>nancisca·</span> 
     </span>
     <span class='ocr_line' id='line_1_21' title="bbox 254 2847 1263 2952; baseline 0.004 -30"><span class='ocrx_word' id='word_1_129' title='bbox 254 2865 329 2937; x_wconf 90' lang='lat' dir='ltr'>tur,</span> <span class='ocrx_word' id='word_1_130' title='bbox 355 2851 417 2950; x_wconf 88' lang='lat' dir='ltr'>qui</span> <span class='ocrx_word' id='word_1_131' title='bbox 443 2850 535 2925; x_wconf 89' lang='lat' dir='ltr'>bene</span> <span class='ocrx_word' id='word_1_132' title='bbox 560 2847 799 2952; x_wconf 89' lang='lat' dir='ltr'>perpendant,</span> <span class='ocrx_word' id='word_1_133' title='bbox 834 2851 973 2952; x_wconf 89' lang='lat' dir='ltr'>quantis</span> <span class='ocrx_word' id='word_1_134' title='bbox 1000 2849 1263 2928; x_wconf 86' lang='lat' dir='ltr'>difficultatibus</span> 
     </span>
     <span class='ocr_line' id='line_1_22' title="bbox 252 2961 1113 3068; baseline 0.006 -32"><span class='ocrx_word' id='word_1_135' title='bbox 252 2961 397 3049; x_wconf 87' lang='lat' dir='ltr'>laboret,</span> <span class='ocrx_word' id='word_1_136' title='bbox 425 2966 486 3067; x_wconf 91' lang='lat' dir='ltr'>qui</span> <span class='ocrx_word' id='word_1_137' title='bbox 513 2966 647 3067; x_wconf 91' lang='lat' dir='ltr'>primus</span> <span class='ocrx_word' id='word_1_138' title='bbox 672 2965 740 3040; x_wconf 87' lang='lat' dir='ltr'>tale</span> <span class='ocrx_word' id='word_1_139' title='bbox 767 2965 854 3068; x_wconf 91' lang='lat' dir='ltr'>quid</span> <span class='ocrx_word' id='word_1_140' title='bbox 882 2965 1113 3068; x_wconf 88' lang='lat' dir='ltr'>aggrediatur.</span> 
     </span>
    </p>

    <p class='ocr_par' dir='ltr' id='par_1_4' title="bbox 217 3080 1263 3418">
     <span class='ocr_line' id='line_1_23' title="bbox 328 3080 1262 3184; baseline 0.002 -28"><span class='ocrx_word' id='word_1_141' title='bbox 328 3080 602 3184; x_wconf 90' lang='lat' dir='ltr'>Prolegomena,</span> <span class='ocrx_word' id='word_1_142' title='bbox 635 3111 681 3159; x_wconf 89' lang='lat' dir='ltr'>ne</span> <span class='ocrx_word' id='word_1_143' title='bbox 705 3081 972 3184; x_wconf 87' lang='lat' dir='ltr'>amplitudinem</span> <span class='ocrx_word' id='word_1_144' title='bbox 999 3081 1185 3160; x_wconf 92' lang='lat' dir='ltr'>voluminis</span> <span class='ocrx_word' id='word_1_145' title='bbox 1211 3085 1262 3158; x_wconf 90' lang='lat' dir='ltr'>ni·</span> 
     </span>
     <span class='ocr_line' id='line_1_24' title="bbox 253 3197 1263 3301; baseline 0.006 -31"><span class='ocrx_word' id='word_1_146' title='bbox 253 3197 318 3270; x_wconf 92' lang='lat' dir='ltr'>mis</span> <span class='ocrx_word' id='word_1_147' title='bbox 345 3226 527 3300; x_wconf 85' lang='lat' dir='ltr'>augerem,</span> <span class='ocrx_word' id='word_1_148' title='bbox 557 3200 594 3273; x_wconf 91' lang='lat' dir='ltr'>in</span> <span class='ocrx_word' id='word_1_149' title='bbox 627 3199 769 3274; x_wconf 87' lang='lat' dir='ltr'>alteram</span> <span class='ocrx_word' id='word_1_150' title='bbox 802 3218 954 3301; x_wconf 86' lang='lat' dir='ltr'>partem,</span> <span class='ocrx_word' id='word_1_151' title='bbox 989 3229 1081 3301; x_wconf 89' lang='lat' dir='ltr'>quae</span> <span class='ocrx_word' id='word_1_152' title='bbox 1106 3206 1184 3276; x_wconf 92' lang='lat' dir='ltr'>Deo</span> <span class='ocrx_word' id='word_1_153' title='bbox 1211 3202 1263 3276; x_wconf 84' lang='lat' dir='ltr'>fa·</span> 
     </span>
     <span class='ocr_line' id='line_1_25' title="bbox 217 3312 810 3418; baseline 0.005 -32"><span class='ocrx_word' id='word_1_154' title='bbox 217 3365 228 3384; x_wconf 90' lang='lat'>.</span> <span class='ocrx_word' id='word_1_155' title='bbox 252 3330 356 3388; x_wconf 86' lang='lat' dir='ltr'>vente</span> <span class='ocrx_word' id='word_1_156' title='bbox 388 3343 469 3389; x_wconf 85' lang='lat' dir='ltr'>mox</span> <span class='ocrx_word' id='word_1_157' title='bbox 496 3312 666 3418; x_wconf 89' lang='lat' dir='ltr'>prodibit,</span> <span class='ocrx_word' id='word_1_158' title='bbox 697 3317 810 3416; x_wconf 89' lang='lat' dir='ltr'>rejeci.</span> 
     </span>
    </p>

    <p class='ocr_par' dir='ltr' id='par_1_5' title="bbox 206 3430 1261 4018">
     <span class='ocr_line' id='line_1_26' title="bbox 329 3430 1260 3535; baseline 0.002 -30"><span class='ocrx_word' id='word_1_159' title='bbox 329 3430 437 3528; x_wconf 87' lang='lat' dir='ltr'>Quod</span> <span class='ocrx_word' id='word_1_160' title='bbox 463 3449 638 3534; x_wconf 89' lang='lat' dir='ltr'>superest,</span> <span class='ocrx_word' id='word_1_161' title='bbox 666 3462 769 3535; x_wconf 82' lang='lat' dir='ltr'>spero</span> <span class='ocrx_word' id='word_1_162' title='bbox 802 3444 908 3534; x_wconf 86' lang='lat' dir='ltr'>atque</span> <span class='ocrx_word' id='word_1_163' title='bbox 934 3448 1035 3532; x_wconf 87' lang='lat' dir='ltr'>opto,</span> <span class='ocrx_word' id='word_1_164' title='bbox 1061 3450 1102 3508; x_wconf 89' lang='lat' dir='ltr'>ut</span> <span class='ocrx_word' id='word_1_165' title='bbox 1127 3434 1195 3506; x_wconf 80' lang='lat' dir='ltr'>hoc</span> <span class='ocrx_word' id='word_1_166' title='bbox 1221 3433 1260 3507; x_wconf 93' lang='lat' dir='ltr'>li·</span> 
     </span>
     <span class='ocr_line' id='line_1_27' title="bbox 252 3545 1261 3650; baseline 0.005 -31"><span class='ocrx_word' id='word_1_167' title='bbox 252 3545 345 3620; x_wconf 92' lang='lat' dir='ltr'>bello</span> <span class='ocrx_word' id='word_1_168' title='bbox 371 3545 510 3650; x_wconf 87' lang='lat' dir='ltr'>linguae</span> <span class='ocrx_word' id='word_1_169' title='bbox 544 3550 759 3628; x_wconf 90' lang='lat' dir='ltr'>armeniacae</span> <span class='ocrx_word' id='word_1_170' title='bbox 786 3549 942 3624; x_wconf 88' lang='lat' dir='ltr'>studium</span> <span class='ocrx_word' id='word_1_171' title='bbox 968 3547 1086 3624; x_wconf 87' lang='lat' dir='ltr'>multis</span> <span class='ocrx_word' id='word_1_172' title='bbox 1111 3548 1261 3624; x_wconf 90' lang='lat' dir='ltr'>nomini·</span> 
     </span>
     <span class='ocr_line' id='line_1_28' title="bbox 251 3661 1259 3768; baseline 0.005 -31"><span class='ocrx_word' id='word_1_173' title='bbox 251 3661 318 3741; x_wconf 91' lang='lat' dir='ltr'>bus</span> <span class='ocrx_word' id='word_1_174' title='bbox 344 3663 663 3742; x_wconf 91' lang='lat' dir='ltr'>commendandum</span> <span class='ocrx_word' id='word_1_175' title='bbox 682 3666 867 3762; x_wconf 83' lang='lat' dir='ltr'>adjuvetur</span> <span class='ocrx_word' id='word_1_176' title='bbox 885 3684 919 3741; x_wconf 89' lang='lat' dir='ltr'>et</span> <span class='ocrx_word' id='word_1_177' title='bbox 944 3665 1053 3766; x_wconf 89' lang='lat' dir='ltr'>magis</span> <span class='ocrx_word' id='word_1_178' title='bbox 1077 3666 1259 3768; x_wconf 88' lang='lat' dir='ltr'>magisque</span> 
     </span>
     <span class='ocr_line' id='line_1_29' title="bbox 206 3779 1259 3886; baseline 0.005 -34"><span class='ocrx_word' id='word_1_179' title='bbox 206 3831 210 3834; x_wconf 95' lang='lat'>-</span> <span class='ocrx_word' id='word_1_180' title='bbox 252 3780 434 3870; x_wconf 80' lang='lat' dir='ltr'>excitetur3</span> <span class='ocrx_word' id='word_1_181' title='bbox 461 3779 559 3883; x_wconf 93' lang='lat' dir='ltr'>quod</span> <span class='ocrx_word' id='word_1_182' title='bbox 578 3783 604 3856; x_wconf 93' lang='lat' dir='ltr'>si</span> <span class='ocrx_word' id='word_1_183' title='bbox 622 3784 707 3859; x_wconf 90' lang='lat' dir='ltr'>mihi</span> <span class='ocrx_word' id='word_1_184' title='bbox 727 3783 918 3886; x_wconf 88' lang='lat' dir='ltr'>contigerit,</span> <span class='ocrx_word' id='word_1_185' title='bbox 941 3779 1106 3884; x_wconf 92' lang='lat' dir='ltr'>equidem</span> <span class='ocrx_word' id='word_1_186' title='bbox 1125 3782 1259 3858; x_wconf 81' lang='lat' dir='ltr'>fructus</span> 
     </span>
     <span class='ocr_line' id='line_1_30' title="bbox 250 3893 1257 4018; baseline 0.007 -50"><span class='ocrx_word' id='word_1_187' title='bbox 250 3893 359 3996; x_wconf 88' lang='lat' dir='ltr'>hujus</span> <span class='ocrx_word' id='word_1_188' title='bbox 376 3895 503 4018; x_wconf 88' lang='lat' dir='ltr'>laboris</span> <span class='ocrx_word' id='word_1_189' title='bbox 527 3900 755 4002; x_wconf 89' lang='lat' dir='ltr'>amplissimos</span> <span class='ocrx_word' id='word_1_190' title='bbox 773 3901 858 3975; x_wconf 90' lang='lat' dir='ltr'>mibi</span> <span class='ocrx_word' id='word_1_191' title='bbox 876 3901 1074 4003; x_wconf 89' lang='lat' dir='ltr'>percepisse</span> <span class='ocrx_word' id='word_1_192' title='bbox 1101 3897 1257 3978; x_wconf 88' lang='lat' dir='ltr'>videbor.</span> 
     </span>
    </p>
   </div>
   <div class='ocr_carea' id='block_1_3' title="bbox 615 4090 903 4112">
    <p class='ocr_par' dir='ltr' id='par_1_6' title="bbox 615 4090 903 4112">
     <span class='ocr_line' id='line_1_31' title="bbox 615 4090 903 4112; baseline 0.014 -5"><span class='ocrx_word' id='word_1_193' title='bbox 615 4090 903 4112; x_wconf 57' lang='lat' dir='ltr'>..a-*nn—</span> 
     </span>
    </p>
   </div>
   <div class='ocr_carea' id='block_1_4' title="bbox 0 0 1460 4841">
    <p class='ocr_par' dir='ltr' id='par_1_7' title="bbox 0 0 1460 4841">
     <span class='ocr_line' id='line_1_32' title="bbox 0 0 1460 4841; baseline 0 0"><span class='ocrx_word' id='word_1_194' title='bbox 0 0 1460 4841; x_wconf 95' lang='lat' dir='ltr'> </span> 
     </span>
    </p>
   </div>
  </div>
 </body>
</html>
