2934 4846
318 509 396 586 218
433 527 449 534 ·
602 605 606 614 ι
722 497 777 580 'oe
806 518 910 582 vente.

399 681 430 778 ἓ.
457 682 516 756 17.
540 666 701 751 verbum
725 673 987 750 'substantivum
1002 668 1065 765 ’ἂρ
1096 687 1137 748 ut
1168 670 1242 748 duo
1261 658 1328 748 'se‘

322 799 488 905 quentia,
529 792 742 872 defectivum
774 809 846 878 est,
888 821 929 867 ac
960 792 1099 866 nonnisi
1130 792 1166 866 in
1209 790 1330 864 formis

327 903 409 996 cum
441 921 630 992 Praesente
670 909 938 986 cohaerentibus
969 908 1108 1010 legitur.
1159 911 1332 983 Verunta-

328 1065 412 1111 men
437 1061 511 1108 non
539 1059 662 1106 omnes
687 1027 784 1104 modi
811 1028 882 1103 huc
906 1043 1101 1130 spectantes
1127 1043 1333 1117 occurrunt;

330 1181 413 1244 nam
450 1147 679 1248 Participium
715 1146 843 1220 Futuri
861 1135 910 1219 'in
938 1149 962 1236 l'
994 1143 1110 1220 exiens
1143 1142 1256 1228 deest,
1294 1171 1333 1218 ac
1438 1174 1439 1220 t

296 1304 300 1315 ·
331 1297 404 1346 non
451 1267 568 1340 minus
608 1260 828 1338 desideratur
867 1261 1095 1365 Participium
1140 1253 1336 1336 Praesentis
1439 1267 1440 1298 ³

334 1381 433 1488 quod
465 1379 608 1467 dicitur,
646 1378 815 1482 quoniam
853 1379 966 1452 sorma
999 1385 1078 1472 11an
1118 1379 1231 1482 qualis
1251 1375 1336 1454 ⁸esse

335 1499 475 1586 debuit,
507 1495 647 1600 linguae
680 1493 790 1570 indoli
816 1513 999 1599 repugnat.
1050 1497 1137 1595 Ejus
1168 1495 1265 1585 loco,
1299 1513 1339 1572 ut
1442 1549 1443 1590 2

336 1620 373 1694 in
418 1615 533 1695 verbis
579 1614 721 1716 passivis
742 1615 776 1706 *)
826 1611 939 1689 sorma
985 1614 1162 1716 Participii
1210 1609 1338 1689 Aoristi
1443 1644 1444 1654 ¹

317 1741 411 1825 =1an
440 1731 574 1831 abjecta
621 1729 737 1807 radice
779 1759 845 1832 pro
878 1737 975 1824 ¹¹le
1001 1749 1062 1806 aut
1098 1736 1219 1824 tahon·
1262 1728 1341 1804 licet

311 1849 549 1928 ‘Indicativus
575 1875 648 1922 non
679 1847 830 1950 legatur,
863 1849 900 1924 in
933 1877 1001 1924 usu
1035 1865 1099 1924 est.
1147 1853 1267 1950 Atque
1301 1847 1342 1920 si·
1446 1926 1447 1930 ,

339 1967 467 2045 militer
497 1965 728 2068 Imperativus
759 1965 803 2042 ab
834 1963 1026 2042 indicativo
1042 1967 1239 2042 Praesentis
1272 1963 1343 2037 sor-

335 2101 465 2171 -matus,
480 2081 589 2160 veluti
605 2082 836 2184 Imperativus
854 2084 991 2173 Aoristi,
1008 2083 1081 2158 sine
1099 2081 1282 2184 negatione
1292 2080 1344 2172 **)
1448 2129 1449 2138 κ

341 2216 543 2303 usurpatur,
568 2216 604 2272 et
626 2199 663 2298 in
689 2206 732 2274 ll.
756 2225 847 2302 pers.
871 2199 968 2274 Plur.
994 2199 1171 2303 duplicem
1195 2199 1345 2272 sormam

343 2322 394 2409 bg
420 2332 457 2392 et
488 2322 595 2407 lrpunp
618 2315 758 2406 retinet,
798 2314 1106 2419 quemadmodum·
1131 2316 1239 2395 verba
1270 2343 1346 2417 pas·
1451 2396 1452 2426 q

345 2435 417 2514 siva
440 2433 478 2508 in
496 2430 619 2509 eadem
646 2459 795 2536 persona
813 2433 1072 2510 terminationes
1089 2465 1157 2527 ma
1182 2453 1217 2510 et
1240 2463 1348 2524 wenna

221 2630 222 2634 ,
334 2551 485 2628 babent.

421 2667 452 2762 §-
481 2670 539 2744 18.
565 2670 716 2744 Formae
741 2667 839 2746 verbi
864 2700 928 2762 prq-
942 2669 1125 2772 pauciores
1150 2670 1269 2746 adbuc
1293 2665 1350 2744 suss

347 2802 505 2890 persunt.
555 2791 609 2870 ln
623 2792 682 2861 111.
708 2813 802 2888 pers.
827 2787 923 2889 Sing.
951 2787 1130 2865 indicativi
1155 2787 1351 2863 Praesentis

347 2904 490 2993 literad
522 2899 560 2974 in
585 2901 658 3006 fine
690 2901 830 2980 additur
860 2933 927 2978 sec.
959 2931 1041 3006 pag.
1074 2909 1153 2994 71„
1183 2901 1351 3006 idemque

349 3017 396 3093 ob
431 3017 576 3116 ejectam
608 3017 743 3094 literam
774 3020 1086 3114 characteristicum
1118 3022 1153 3096 in
1186 3030 1229 3097 ll.
1261 3049 1352 3123 pers.

349 3133 448 3211 Plur.
480 3132 598 3240 locum
630 3135 746 3211 habet
806 3145 847 3213 ln
881 3137 1115 3236 conjunctivo
1146 3139 1352 3226 Praesentis,

349 3252 451 3350 cujus
477 3249 598 3325 tertiae
622 3265 758 3326 tautum
785 3246 955 3356 personae
980 3253 1156 3356 leguntur,
1182 3254 1309 3333 vocalis
1335 3286 1352 3316 n

348 3368 385 3442 in
413 3365 609 3444 breviorem
640 3398 678 3431 ’τι
703 3370 840 3455 transit,
873 3371 956 3472 quia
981 3388 1086 3447 tonus
1117 3373 1154 3447 in
1189 3372 1354 3475 syllabam

350 3497 556 3585 sequentem
588 3483 728 3559 recedit.
762 3486 945 3588 Denique
977 3488 1013 3563 in
1039 3489 1231 3592 Participio
1248 3495 1355 3564 Prae·

350 3601 465 3688 sentis,
491 3616 527 3675 et
551 3598 754 3707 Imperfecti
771 3602 929 3707 personis
946 3611 988 3682 11.
1005 3605 1100 3708 Sing.
1125 3623 1161 3682 et
1176 3611 1240 3684 ΙΙΙ.
1257 3606 1354 3684 Plur.

351 3799 550 3813 unum-m

424 3895 438 3925 ῃ
535 3879 539 3887 .

422 3891 594 4062 'bededaigd
613 3897 702 4050 docilis
726 4000 836 4054 tantum
855 3991 1019 4073 quibusdam
1037 3993 1240 4076 locutionibus,
1264 3985 1353 4061 veluti

349 4075 417 4164 riq-t,
431 4076 472 4162 ΙΨ
489 4079 510 4144 ἰ.
529 4098 555 4142 e.
573 4081 679 4142 salom
697 4091 771 4146 aeto.
