2948 4852
550 545 740 608 oenomao.
1075 529 1148 606 137

143 698 312 778 scribitur
329 700 423 774 enim
441 715 477 774 et
501 705 603 793 ¹1²th
629 706 757 793 qimi-q,
782 706 884 794 ⁹⁶⁰⁷:
910 717 1015 804 atque
1042 704 1145 782 etiam
1238 681 1243 692 .

141 824 222 909 aba,
238 830 354 919 ¹atque
379 818 481 893 ssexio
508 819 585 919 ejus
611 819 698 894 baec
723 831 793 894 est:

264 937 480 1034 Singularis.
816 938 996 1011 Pluralis.

138 1053 316 1130 Nominat.
343 1059 433 1146 qluq-
447 1071 509 1129 etc.
691 1059 797 1145 ψῃ
829 1070 894 1129 etc.
986 1126 988 1131 .

139 1171 818 1264 Genitivusnlatvrldnlmatabda
843 1176 945 1263 dala

138 1289 252 1365 Dativ.
280 1306 320 1363 ut
352 1294 442 1367 Gen.
694 1307 735 1366 ut
760 1296 851 1366 Gen.

137 1415 294 1484 Accusat.
351 1411 539 1498 [cinq-etc.
692 1413 812 1501 [alen
836 1423 900 1482 etc.

136 1525 286 1602 Ablafiv·
353 1529 380 1616 'l'
405 1527 527 1616 alesta
544 1529 665 1617 ’lebab
694 1532 720 1618 'l'
741 1530 864 1617 aledea
894 1527 921 1615 'l
942 1528 1043 1615 alala

136 1651 301 1720 lustrum·
346 1649 469 1735 alssql'b
495 1649 597 1737 Μ’·
694 1648 845 1735 ΨΜἪ
865 1645 1142 1733 ἰῑῦἮνψΊρΨ

213 1759 401 1864 Duplicem
443 1761 501 1836 bic
526 1761 710 1861 ‘habemus
741 1761 953 1849 flexionem,
992 1788 1144 1864 quarum

137 1879 244 1956 altera
281 1878 325 1954 ab
366 1878 471 1954 altera
510 1878 673 1982 absorpta
714 1895 775 1955 est.
826 1883 879 1954 Ex
910 1877 1016 1976 altera
1049 1878 1143 1955 enim

137 1999 207 2074 boc
232 2025 379 2086 nomen,
410 1997 508 2098 quasi
543 1996 614 2072 sola
640 1995 882 2072 terminatione
908 2012 1052 2082 constet,
1078 1993 1140 2072 dc·
1227 2041 1231 2048 „

139 2115 360 2190 clinationem
386 2111 575 2190 secundam
593 2114 760 2216 sequitur,
785 2131 890 2216 atque
916 2113 999 2189 binc
1023 2113 1060 2187 in
1087 2140 1143 2186 ca·

138 2234 233 2310 sibus
260 2232 410 2336 obliquis
436 2231 568 2307 literam
594 2236 618 2297 lt
641 2231 804 2308 insertam
829 2231 953 2322 habet3
979 2215 1142 2305 scribitur

136 2352 254 2454 itaque
301 2355 383 2442 aba,
431 2348 730 2452 quemadmodum
777 2356 882 2444 wqurp
930 2349 974 2424 ab
1012 2353 1141 2440 wttl‘t'·

136 2469 217 2556 sed,
244 2468 325 2545 licet
349 2469 437 2546 baec
469 2469 583 2544 forma
608 2471 644 2544 in
671 2469 806 2546 casibus
833 2467 986 2571 obliquis
1011 2467 1141 2544 utrius·

136 2617 208 2691 que
234 2586 373 2663 numeri
398 2586 611 2688 reperiatur,
643 2586 748 2662 altera
779 2605 896 2664 tamen
928 2586 1047 2672 flexio,
1072 2603 1142 2660 ter-

135 2708 203 2782 tiae
231 2733 359 2807 nempe
386 2702 640 2794 declinationis,
665 2705 815 2795 accessit,
841 2703 1007 2806 quoniam
1034 2703 1141 2778 Geni-

134 2825 227 2902 tivus
254 2828 364 2916 qlqa
388 2821 614 2900 Nominativo
640 2823 800 2915 nominis,
825 2820 922 2926 quod
935 2819 1142 2921 pulchritu-

135 2944 264 3018 dinem
298 2939 455 3027 denotat,
490 2968 562 3016 non
589 2939 754 3016 dillerret.
805 2947 886 3016 Jam
911 2967 995 3016 vero
1022 2933 1140 3014 addita

134 3059 203 3134 bac
230 3057 377 3134 flexione
402 3059 459 3134 illa
485 3058 586 3134 flexio
604 3057 700 3160 prior
725 3058 901 3164 superflua
926 3055 1042 3144 fiebat,
1068 3083 1140 3158 qua

137 3175 181 3252 de
213 3205 316 3252 causa
347 3177 384 3252 in
420 3176 555 3253 casibus
588 3175 737 3278 obliquis
769 3176 896 3282 syllaba
928 3172 1085 3250 radicalis
1120 3201 1142 3248 a
1197 3254 1202 3264 ,

136 3323 218 3370 casu
258 3311 354 3370 recto
392 3323 464 3372 non
503 3294 659 3371 distincta
690 3313 751 3385 est,
783 3294 828 3370 cf.
863 3279 996 3387 tlss'tl'ssi
1026 3296 1142 3382 alenda

134 3431 200 3492 etc.
253 3419 294 3488 In
319 3418 398 3489 Dat.
426 3413 521 3528 Sing.
548 3442 614 3488 sec.
643 3441 722 3520 pag.
752 3415 836 3490 107.
855 3413 970 3490 forma
996 3407 1141 3500 etacio

133 3559 203 3608 usu
230 3547 299 3620 est,
325 3559 416 3632 quae
441 3529 478 3606 in
505 3531 708 3608 Genitivum
743 3548 898 3634 quoque'
913 3527 1065 3615 transiit3
1092 3541 1143 3600 at-

135 3679 207 3753 quc
241 3648 420 3724 Ablativus
454 3646 525 3725 sive
557 3647 600 3724 ab
633 3649 701 3722 hae
726 3648 797 3724 sive
824 3648 867 3722 ab
895 3646 1001 3722 altera
1027 3644 1142 3718 forma

133 3767 329 3856 derivatur,
367 3763 462 3842 unde
502 3763 593 3842 duae
623 3765 732 3866 hujus
766 3793 865 3842 casus
903 3766 1038 3840 formae
1073 3760 1144 3838 eri·
1229 3759 1235 3766 ’

133 3901 239 3964 stunt.
292 3885 456 3988 Denique
480 3884 517 3960 in
547 3883 649 3961 Instr.
676 3883 772 3960 Plur.
797 3883 972 3988 reperitur
998 3907 1143 3985 quoque

132 4003 332 4080 terminatio
359 4035 404 4093 oa
430 4002 501 4084 sive
526 4033 615 4094 wne,
641 3999 686 4077 ad
713 4031 872 4108 nonnam
907 3996 1146 4077 declinationis

133 4140 249 4198 sextae
277 4122 434 4200 formata.

785 4203 936 4311 ¹la
