2856 4850
505 549 551 610 De
569 550 694 612 nomine.
1029 534 1100 606 101

105 704 314 782 Nominativi
345 705 381 780 in
409 704 573 808 singulari
606 735 755 781 numem
786 709 857 780 non
884 705 1019 785 diversa
1043 725 1103 796 est,

103 840 204 924 atque
247 851 267 898 a
298 823 524 900 Nominativo
564 853 635 897 non
676 823 905 923 discernitur,¹
936 826 1000 899 nisi
1039 855 1103 929 per

102 943 302 1038 Praefirum
326 974 371 1033 ἰ,
398 939 495 1044 quod
521 960 659 1045 praeter
674 943 888 1019 Pronomine
914 943 1104 1032 indefinita,

105 1060 230 1161 quibus
256 1089 396 1162 semper
420 1058 568 1147 additur,
593 1061 732 1137 nonnisi
758 1061 957 1138 nominibus
981 1060 1104 1136 defini-

103 1180 137 1252 tis
169 1178 395 1281 praefigitur,
420 1196 525 1280 atque
550 1179 597 1253 ita
631 1179 820 1282 particulae
852 1181 1032 1272 hebraicae
1057 1207 1100 1258 tut

105 1325 161 1371 usu
185 1296 345 1398 apprime
378 1294 578 1398 respondet.
784 1381 788 1400 Ι

170 1416 209 1508 c)
238 1415 399 1504 Genitioi
426 1415 603 1490 character
635 1415 795 1518 primitus
827 1415 965 1491 videtur
995 1416 1103 1492 fuisse

102 1530 198 1607 litera
220 1561 260 1624 [η
286 1529 382 1632 quod
410 1561 455 1607 ne
487 1533 614 1608 mirum
643 1531 816 1621 videatur,
847 1555 976 1608 moneo
1002 1535 1111 1611 vestif

103 1650 152 1751 gia
179 1651 274 1750 ejus.
291 1650 417 1752 passim
441 1649 600 1739 inveniri,
624 1680 736 1754 eaque
763 1655 796 1738 l,
819 1652 856 1726 in
882 1652 1103 1728 Pronomini»

107 1767 163 1844 bus
200 1770 400 1870 interrogat.
434 1784 470 1844 et
499 1768 688 1845 indefinitis
716 1773 762 1862 F,
794 1773 830 1854 d,
854 1775 919 1862 [ῳ
949 1802 1012 1860 ¹142,
1037 1770 1100 1848 offis

106 1917 193 1989 quae
218 1887 255 1964 in
283 1885 445 1964 Genitivo
471 1886 669 1963 scribuntur
684 1891 742 1980 Pp,
765 1891 832 1982 pir,
855 1893 948 1980 brak-e,
973 1919 1102 1987 paenae,

109 2007 242 2096 numdi.
268 2045 312 2062 -
336 2007 380 2093 2,
403 2005 439 2078 in
465 2006 683 2080 Pronomine
713 2006 885 2108 personali
917 2015 976 2082 tlt.
1010 2037 1101 2109 pers.

111 2124 186 2220 1¹0)
212 2130 302 2199 Gen.
325 2127 393 2214 [uf.
418 2161 462 2180 -·
487 2126 523 2210 3,
547 2123 583 2196 in
602 2123 874 2198 Pronominibus
891 2122 1105 2200 demonstra·

112 2241 178 2316 fivis
202 2273 265 2324 um,
291 2273 358 2332 epm,
380 2243 445 2324 dtu,
478 2273 551 2335 mdo,
578 2243 647 2334 uvir
672 2259 734 2316 etc,
762 2248 849 2316 Gen,
875 2275 971 2333 unpm,
1005 2261 1102 2333 papae,

109 2361 193 2451 tufa,
220 2391 307 2453 ιιυυιι,
332 2362 424 2451 ruphi:
450 2377 514 2434 ete
565 2362 613 2449 4,,
632 2361 668 2435 in
697 2361 1019 2438 formanominum
1046 2358 1104 2435 ad·
1186 2407 1188 2410 ·

110 2476 309 2574 jectivorum
335 2477 371 2551 in
393 2511 414 2570 p
440 2475 671 2580 praecedente
694 2478 759 2554 alia
775 2478 873 2554 litera
891 2496 1105 2555 consonante

111 2596 315 2671 exeuntium.
349 2595 392 2671 cf.
426 2598 527 2686 tulf,
551 2599 633 2686 Mn
665 2601 794 2692 etc**).
848 2603 892 2686 5,
921 2599 956 2672 in
991 2597 1104 2676 sorma

114 2713 256 2790 Genitivi
287 2717 388 2809 fimf,
421 2743 512 2816 quae
545 2713 582 2788 in
615 2714 737 2790 David.
778 2715 907 2790 Philos.
944 2716 1104 2791 versione

113 2835 264 2934 isagoges
290 2832 483 2936 Porphyrii·
502 2861 580 2934 pag.
605 2835 692 2908 227.
720 2831 773 2907 ed.
791 2819 880 2908 Ven.
907 2833 1045 2934 legitur.
1061 2871 1105 2890 -·

114 2947 144 3022 Si
168 2948 210 3024 de
237 2951 370 3053 origine
397 2949 503 3049 hujus
522 2949 647 3024 *literae
672 2951 881 3053 quaerimus,
907 2980 982 3025 eam
1009 2952 1105 3028 vario

118 3065 213 3142 nodo
237 3068 407 3170 explicare
432 3067 529 3158 licet3
561 3086 595 3143 et
625 3069 779 3171 primum
809 3066 952 3171 quidem
984 3070 1040 3155 ite,
1066 3087 1106 3146 ut
1233 3049 1249 3079 π

122 3211 152 3258 er
171 3187 390 3262 Pronomine
416 3187 560 3263 relativo
583 3219 621 3277 πμ
656 3217 734 3262 eam
767 3204 876 3265 ortam
914 3217 987 3262 esse
1014 3187 1106 3266 dica-

201 3471 228 3546 *)
249 3471 327 3530 Haec
348 3470 438 3532 forma
458 3493 592 3553 nusquam
618 3470 701 3534 obvie
721 3493 737 3532 e
757 3469 896 3532 Genitivo
923 3483 1031 3532 tantum
1057 3486 1106 3532 co-

115 3566 258 3640 gnosoitur.
618 3565 627 3576 ’

184 3656 237 3732 **)
255 3655 405 3737 Adiectiva
435 3657 509 3718 enim
539 3657 612 3736 apud
636 3657 803 3732 Armenios,
826 3668 857 3716 ut
882 3655 955 3719 inira
976 3656 1025 3720 tib.
1052 3659 1107 3740 111.

115 3747 275 3834 videbimus,
298 3771 427 3830 magnam
448 3761 554 3829 partem
575 3771 590 3808 e
611 3749 699 3809 forma
721 3749 846 3809 Genitivi
872 3749 1016 3808 nominum
1042 3750 1108 3811 sub-

117 3841 294 3902 stantivorum
314 3842 487 3916 formantur,
510 3855 593 3920 atque
618 3864 677 3902 eam
702 3843 809 3924 saepius
828 3842 888 3903 sine
908 3842 986 3906 omui
1006 3843 1108 3904 addita·

117 3947 204 3994 mento
223 3935 351 3996 reddunt.
371 3934 408 3996 cs.
426 3931 497 4024 qku
516 3935 581 4014 adj.
602 3933 703 4024 qpmrp
720 3972 763 3986 -
780 3937 870 4026 durus
887 3958 904 3998 a
929 3937 1025 4000 Subst.
1042 3937 1111 4026 ¹¹⁶2

118 4065 155 4082 ·-
169 4036 267 4124 pwpdp
285 4058 300 4099 a
320 4037 415 4102 Subst.
434 4037 529 4124 pmpd.
