2948 4852
505 547 506 554 '
574 551 764 614 Domine.
1097 534 1169 608 121
1282 638 1284 648 Ι

159 707 250 812 'ginti
263 705 534 787 detinuisset
553 707 596 780 in
615 707 750 816 lingua.
769 706 962 797 armeniam
987 711 1168 784 ωὐηωοε

161 823 323 901 tendunt.
336 821 434 901 ''¹Ac·
453 853 535 900 sane
554 821 697 927 quidem
718 825 880 913 nomina,-
898 824 933 897 in
953 825 1080 925 quilnrs
1099 849 1169 902 nm

161 943 244 1019 calis
269 943 424 1017 flexionis
451 959 529 1016 ante
549 941 704 1017 ultiilram
730 959 978 1018 consonantem
996 942 1167 1033 inieritutn

78 1081 85 1094 '
161 1088 180 1136 a
203 1061 360 1163 reliquis,
378 1062 421 1134 'in
434 1065 594 1163 'quonum
612 1061 684 1135 sme
702 1059 906 1147 adnectitur,
917 1059 1169 1163 'distinguenda

160 1162 255 1268 esse;
294 1191 401 1281 atquo
432 1204 543 1282 genus
574 1177 846 1260 declinationum
889 1178 944 1254 ab·
965 1177 1167 1255 ittimttdts

159 1292 350 1408 diversum*
376 1295 735 1385 efficere'uitlentur,
774 1295 870 1399 quod
904 1295 1024 1372 itidem
1039 1301 1167 1400 natq'ne

46 1465 48 1469 -
157 1439 279 1519 genus·
297 1415 443 1491 altarum
456 1457 459 1469 v
471 1411 525 1488 ob·
543 1409 652 1490 verilis
680 1413 815 1490 vocales
833 1416 875 1489 'in
901 1416 1166 1518 vanas¹specibs

157 1525 375 1637 dispesoitur'.
434 1533 527 1608 Hinc
550 1531 624 1611 ‘itta
664 1531 948 1608 declinationum«
972 1533 1165 1609 multinutlts
1268 1517 1272 1528 ¹

157 1641 364 1740 enataest3
389 1649 560 1726 varietalis
575 1679 670 1763 nono
696 1679 798 1726 causa
830 1651 867 1724 in
893 1679 945 1724 eo
962 1650 1164 1753 quaerenda

158 1787 219 1858 est,
244 1758 343 1872 'qubd
361 1769 417 1843 alii
443 1769 645 1843 nominibus
661 1768 908 1872 irregularibus
925 1769 1163 1872 accensebanti

157 1917 250 1990 quae
290 1887 345 1961 alii
385 1881 614 1988 singularem·
637 1885 917 1976 declinationem·
951 1888 1165 1962 &monuerit

156 2006 336 2110 putabant,
362 2023 467 2105 atque
495 1983 724 2079 diversitatem
743 2001 897 2078 flexionis
915 2003 971 2078 alii
988 2004 1162 2093 videbant,

157 2125 219 2200 ubi
253 2125 309 2199 alii
346 2123 473 2221 'majori
506 2122 585 2220 jure
626 2119 772 2196 eandem
804 2121 987 2195 flexionem
1019 2122 1161 2196 subesse

157 2241 362 2317 statuebant.
415 2239 485 2316 Sed
511 2240 581 2338 jam
608 2267 711 2342 supra
739 2268 816 2342 pag.
843 2241 891 2314 99
922 2268 973 2340 sq.
999 2238 1159 2326 vidimus,

155 2361 194 2435 in
210 2360 276 2434 illis
294 2358 493 2434 nominibus
510 2358 645 2432 literam
653 2355 848 2436 &additam
865 2385 937 2431 non
959 2355 1002 2431 ad
1016 2358 1159 2460 stirpem

154 2478 342 2553 nominum
370 2477 557 2579 pertinere,
588 2493 693 2576 atque
718 2472 799 2547 ideo
826 2503 947 2549 eorum
974 2475 1158 2548 llexionem

93 2653 99 2667 κ.
154 2595 201 2671 ab
228 2593 301 2668 aliis
327 2623 397 2668 non
433 2623 506 2668 esse
533 2592 721 2680 diversam,
745 2592 887 2666 nomina
913 2623 997 2668 vero
1023 2594 1057 2667 in
1085 2593 1159 2666 lite-

153 2741 211 2788 ras
241 2744 262 2802 ι’
295 2729 329 2786 et
361 2709 617 2802 [desinentim
659 2737 748 2812 quae
789 2708 935 2784 eandem
973 2711 1157 2785 flexionem

154 2847 311 2917 servent,
343 2830 385 2903 ab
418 2828 481 2902 illis
528 2859 603 2903 eam
639 2845 793 2903 mutuata
821 2857 911 2918 esse;
937 2845 1042 2929 atque
1067 2827 1157 2900 intra
1219 2848 1222 2857 '

154 2946 362 3034 videbimus,
388 2947 475 3022 haec
492 2948 633 3021 nomina
652 2945 746 3022 haud
772 2947 818 3020 ita
835 2975 914 3020 raro
940 2944 983 3020 ad
1011 2944 1157 3018 aliorum

156 3093 317 3140 normam
348 3064 455 3152 flecti,
480 3062 515 3137 id
545 3062 641 3166 quod
680 3065 844 3139 seriorem
878 3063 971 3139 illius
1001 3062 1182 3137 flexionis

158 3183 327 3286 originem
353 3210 497 3282 arguere
528 3180 676 3266 uidetur.
729 3187 850 3288 Quum
876 3181 981 3286 igitur
1004 3209 1074 3255 non
1100 3199 1178 3254 va·'

155 3300 207 3376 ria
238 3298 508 3374 declinationum
540 3328 665 3402 genera
693 3298 893 3401 accipienda
921 3300 1004 3387 sint,
1035 3326 1157 3372 earum
1233 3304 1235 3308 ’

153 3418 335 3493 diversitas
368 3418 403 3490 in
437 3416 516 3490 solis
552 3415 657 3491 literis
689 3416 864 3493 vocalibus
891 3417 1052 3505 consistit,
1080 3445 1157 3489 eae-

152 3566 238 3641 que,
264 3563 374 3637 quum
392 3563 490 3608 casus
507 3535 751 3611 Nominativus
764 3537 797 3628 *)
823 3530 935 3618 omnis
953 3533 1174 3644 characteris

150 3681 279 3756 expers
305 3652 356 3742 sit,
380 3652 519 3726 nonnisi
542 3654 577 3726 in
604 3653 737 3726 casibus
764 3651 914 3753 obliquis
940 3653 1157 3755 conspiciun-

149 3792 223 3849 tur.
274 3778 313 3846 ln
341 3770 394 3843 his
420 3798 504 3845 vero
530 3775 672 3871 excepta
698 3768 809 3852 vocali
835 3769 978 3872 longai}
1002 3770 1156 3871 reliquae
1194 3816 1202 3838 0

150 3918 280 3966 omnes
319 3887 557 3991 reperiuntur,
597 3885 691 3962 unde
718 3888 876 3988 quinque
911 3883 1156 3962 declinationes

154 4052 358 4070 ,,-.,...-..

235 4145 268 4220 *)
287 4123 362 4204 'vtae
386 4164 468 4224 supra
489 4163 550 4224 pag.
573 4145 636 4203 100.
732 4175 734 4178 ·
825 4187 829 4198 .
