2912 4846
633 670 976 746 .-·ca.a.ur11.

535 845 538 854 .
575 797 633 888 Db}
655 799 1073 860 PRONUNGIA'I'IONE.

327 939 330 946 '
398 950 429 1012 a,
455 920 726 998 Consonuntes.
882 991 907 1004 ,,
1252 979 1257 988 .
1337 979 1342 990 .

324 1070 329 1076 ·
395 1027 567 1116 Dedimus
599 1027 704 1140 supra
742 1039 780 1114 in
818 1035 936 1116 tabula
963 1033 1144 1144 alphabeti
1169 1069 1326 1144 pronun-

322 1149 523 1246 ciationem,
539 1177 548 1208 ¹
567 1161 674 1260 quim
693 1203 697 1212 ·
713 1155 757 1230 ab
794 1159 968 1234 Armeniis
1003 1159 1091 1261 ipsis
1125 1153 1324 1236 didicimus.

320 1273 390 1372 Sed
397 1265 409 1361 ,
429 1261 733 1376 ⁸quemadmodum
762 1272 807 1350 de
834 1303 978 1378 graecae
1002 1276 1142 1380 linguae
1167 1305 1326 1380 pronun-

320 1393 469 1478 ciatione
492 1381 617 1471 ⁴adhuc
639 1381 830 1481 dubitatur,
853 1393 900 1468 ita
919 1409 961 1467 et
985 1391 1030 1467 de
1057 1394 1176 1496 linguai
1200 1401 1325 1472 Arme-

319 1511 461 1586 niorum
493 1506 589 1588 non¹
606 1511 689 1586 sine
716 1510 805 1610 j'urei
820 1508 917 1586 litem
948 1507 1090 1587 merere
1123 1539 1322 1615 possumus.

317 1628 396 1705 Alia
422 1629 526 1717 enim,
542 1645 723 1731 ¹quantum
748 1619 913 1731 equidem
932 1626 1045 1720 video,
1071 1629 1139 1704 fuit
1155 1647 1325 1722 uetemm

316 1745 582 1842 Armeniorum·
602 1737 639 1820 in
678 1745 785 1821 literis
808 1744 1027 1848 ¹quibusdam
1067 1747 1324 1848 prmtunciatio,

197 1941 202 1952 ,
317 1862 461 1950 aliaest
484 1853 886 1967 recentiorum3·atque,
911 1871 1023 1967 q'uum
1044 1864 1108 1939 'bie
1133 1864 1178 1940 de
1203 1865 1338 1954 vetari,-

314 1971 391 2055 nori
415 1979 460 2056 de
475 1979 810 2084 ¹recentiori·lingua
836 1993 967 2085 agatur,
991 1999 1149 2059 veterum
1175 2009 1323 2087 qnoque
1422 2085 1425 2092 Ι

183 2111 191 2122 ‘
314 2089 644 2202 pronunciationem
689 2099 972 2202 praeferendam·
1003 2129 1078 2176 esse
1125 2115 1320 2194 censemus.

166 2217 194 2276 -'
312 2223 530 2319 Argumenta
562 2245 664 2305 vero,
690 2217 820 2317 quibus
852 2218 1051 2292 innitentes·
1070 2219 1162 2294 hanc
1192 2219 1322 2296 disere*

313 2335 468 2437 peritiam
500 2333 649 2435 probare
681 2330 879 2420 studemus,
914 2350 995 2408 sunt
1028 2335 1102 2408 sere
1128 2334 1232 2410 baeu:
1286 2340 1319 2422 1,

312 2452 510 2554 Scriptura-
528 2451 712 2526 nominum
745 2450 1022 2526 armeniacorum
1056 2449 1151 2554 apud
1183 2471 1320 2532 veteres

313 2560 466 2646 Graecos
482 2559 517 2643 et
535 2561 727 2658 Romanus,
752 2571 794 2655 2,
820 2565 998 2671 Scriptura
1015 2571 1199 2646 nominum
1219 2599 1320 2676 grae·

312 2713 434 2781 eorum
448 2705 482 2761 et
494 2686 681 2776 latinorum
696 2685 790 2789 apud
806 2686 992 2762 Armenios
1003 2687 1202 2775 veteresja.
1216 2687 1318 2764 Ordo

309 2804 489 2880 literarum
502 2805 537 2880 in
553 2804 740 2908 alphabeto
766 2804 973 2892 armeniaco,
999 2805 1060 2905 qui
1084 2811 1179 2881 cum
1193 2806 1317 2881 urdine

306 2922 423 3033 graeci
453 2922 627 3024 alphabeti
654 2952 695 2997 ex
725 2923 834 3026 ipsius
860 2923 1017 3024 Mesropi
1042 2922 1185 2998 consilio
1209 2924 1316 3026 plane

310 3040 487 3142 congruit,
520 3043 564 3129 4,
595 3039 727 3116 indicia
757 3037 948 3143 quaedam,
987 3066 1079 3142 quae
1111 3041 1239 3143 partim
1273 3067 1315 3114 ex

261 3187 268 3204 ‘
307 3186 384 3260 apsa

308 3276 413 3364 siand,
438 3294 605 3379 tanquam
632 3277 871 3379 antiquissimo
896 3276 1095 3352 testimonio
1121 3275 1315 3380 deprumsi-
1440 3361 1441 3376 1

307 3423 400 3470 mus.
452 3402 498 3470 At
529 3423 653 3470 causae
684 3395 792 3494 hujus
824 3394 1055 3496 cormptionis
1081 3411 1160 3471 nou*
1175 3412 1249 3470 ta'm
1274 3393 1312 3468 in
1440 3389 1441 3424 ³

261 3562 266 3571 -
307 3511 414 3614 longo
452 3529 652 3616 temporum
676 3511 827 3588 decursu
859 3537 965 3614 quam
996 3511 1031 3588 in
1067 3512 1209 3593 adversa
1240 3512 1312 3586 sor-

306 3633 410 3715 tund,
444 3633 558 3733 atque'
582 3631 685 3707 variis
709 3657 829 3705 rerum
854 3628 1155 3719 vicissitudinibus,
1180 3631 1311 3733 quibus

305 3749 462 3823 Armenii
481 3748 578 3823 omni
603 3766 763 3852 tempore
788 3747 938 3847 subjecti
955 3765 1062 3834 erant,
1088 3745 1310 3849 quaerendae

305 3881 401 3943 sunt.
451 3868 544 3943 Nam
585 3885 723 3969 praeter
753 3873 877 3942 Persas
910 3883 944 3942 et
975 3869 1147 3956 Graecos,
1176 3865 1309 3944 Arabes

305 4011 451 4086 quoque
485 4000 520 4058 et
544 3984 668 4088 populi
708 3985 859 4059 Tatariei
887 4011 1036 4086 regnum
1059 3984 1307 4061 Armeniorum

305 4117 517 4192 everterunt,
543 4120 650 4208 atque
667 4102 793 4179 Franci
811 4101 963 4180 multum
980 4132 1062 4180 cum
1079 4131 1173 4180 novo
1197 4123 1308 4204 regno
