2948 4852
481 507 528 570 De
548 507 782 602 'pronominibus
1059 490 1134 567 173

129 663 197 738 hac
222 661 356 762 petione
388 664 552 748 flectitur:
587 668 692 742 Nom.
714 666 796 757 ivr,
824 669 912 739 Gen.
933 667 1029 756 bopo,
1053 671 1133 746 Dat.

126 785 217 865 lmuli
239 788 401 866 lunen
360 784 440 875 Ἰιωζ
464 788 544 859 Ace.
570 785 671 876 [lupe
686 784 741 880 *;)
766 811 807 858 ac
832 779 986 884 denique
1012 782 1133 860 Dualis

128 900 236 974 trium
274 901 532 1002 Pronominum
571 929 701 1005 poss.
703 901 867 978 aizlertur
899 903 994 991 llll,
1029 932 1133 992 μμ,

125 1019 299 1126 lupwffl
358 1016 428 1094 Sed
468 1047 577 1094 novas
606 1019 672 1094 has
700 1017 836 1104 formas
867 1017 991 1121 procul
1024 1017 1134 1102 dubio

129 1137 280 1230 auctoris
305 1136 446 1240 ingenio
474 1134 660 1227 debemus,
692 1137 772 1240 qui,
803 1164 849 1211 ne
880 1135 1034 1238 lingua
1023 1136 1134 1240 ipsius

129 1252 316 1346 vernacula
341 1283 487 1378 graecae
512 1253 754 1358 posthabenda
777 1253 964 1346 videretur,
989 1283 1055 1360 pro
1080 1253 1134 1330 lu·

128 1373 215 1462 bitu,
241 1401 333 1475 quae
359 1399 431 1448 non
458 1372 632 1461 suberant,
658 1372 802 1448 effinxit.
987 1447 988 1452 ,

206 1489 237 1586 ἓ.
263 1494 298 1566 3.
322 1495 465 1569 Exstant
496 1508 675 1597 praeterea
707 1489 802 1594 apud
828 1489 1015 1569 Armenios
1037 1490 1157 1575 Pro<

131 1609 289 1688 nomana
313 1610 439 1710 affixo
463 1639 488 1684 s
513 1610 672 1712 suffixa,
695 1639 799 1712 quae,
823 1625 943 1684 uuum
968 1634 1136 1711 persona·

129 1725 217 1802 lium
256 1755 300 1802 an
337 1728 612 1828 possessivorum
650 1727 728 1804 loco
768 1726 980 1816 scribantur,
1012 1725 1141 1828 quaeri·

131 1861 255 1950 potest.
308 1849 476 1922 Constant
502 1874 542 1922 ea
566 1844 674 1921 literis
698 1879 726 1929 n,
751 1878 786 1936 p,
807 1848 838 1928 t,
865 1874 957 1948 qnae
975 1845 1134 1948 primam,

132 1960 319 2044 secundam
360 1981 395 2038 et
426 1964 563 2038 tertiam
597 1993 783 2066 personam
817 1962 987 2051 indicant,
1005 2037 1008 2042 ,
1028 1980 1134 2065 atque

131 2080 262 2157 nullam
289 2082 519 2158 mutationem
550 2082 587 2156 in
619 2082 774 2158 numeris
805 2098 841 2156 et
871 2081 1007 2158 casibus
1031 2080 1135 2168 sube-

23 2212 27 2221 '
131 2201 228 2290 untia
252 2199 464 2276 Nominibus
491 2199 603 2274 omnis
628 2200 774 2302 generis,
798 2199 1081 2289 Pronominibus,
1105 2199 1134 2276 si
1191 2288 1198 2300 .

130 2318 391 2422 interrogativa,
428 2317 611 2394 relativum
652 2298 700 2392 et*
722 2317 905 2412 indefinita
948 2317 1135 2420 exceperis,

130 2437 266 2526 Verbis,
291 2453 396 2536 atque
431 2437 534 2511 etiam
552 2434 735 2513 Adverbiis
767 2433 847 2511 addi
870 2452 1028 2539 possunt.
1081 2436 1135 2512 Si-

130 2554 306 2658 gnificatio
341 2583 466 2630 eornm
490 2553 613 2658 triplex
639 2573 707 2646 est3
733 2584 887 2658 namque
913 2555 1021 2630 modo
1046 2560 1156 2630 Pro·.

130 2673 316 2748 nominum
332 2672 578 2776 personalium,
595 2672 702 2748 modo
720 2671 1004 2776 possessivorum,
1023 2671 1132 2748 modo

21 2775 23 2784 ‚
131 2789 284 2894 denique
326 2787 677 2867 demonstrativorum
717 2791 809 2866 vices
846 2807 988 2893 gerunt,
1027 2807 1139 2895 atque

131 2938 162 2985 e.
183 2939 220 3016 ng.
247 2911 346 3004 §appa
375 2909 462 2987 verti
488 2925 603 3011 potest
634 2923 765 3008 ,pater
782 2917 908 3008 ,ego“,
940 2923 975 2987 et
999 2923 1133 3010 „pater

133 3109 332 3124 m
374 3124 377 3132 Δ

128 3228 195 3310 aa,
220 3244 280 3305 sne
299 3242 349 3323 aa,
370 3243 434 3334 aad,
460 3249 539 3325 cujus
568 3237 718 3308 caninas·
742 3245 814 3336 tw
840 3246 890 3322 (cr
919 3245 951 3307 r
972 3247 1050 3307 cen.
1074 3245 1132 3336 ap,

130 3355 195 3418 pag.
224 3338 289 3413 83.)
319 3339 530 3401 Nominativum
560 3341 738 3402 Pronominis'
766 3341 912 3424 possessivi
941 3343 1134 3404 constitueret.

130 3428 269 3509 Equidem
288 3442 382 3492 tamen
402 3432 535 3510 dixerim,
558 3434 582 3494 si
600 3433 722 3516 genuina
742 3448 782 3496 est
801 3434 903 3511 lectio,
928 3433 1048 3495 sormam
1064 3434 1134 3523 tum.

130 3525 245 3585 nonnisi
264 3525 406 3586 inventam
433 3546 494 3586 esse
517 3525 711 3604 ab'auctoce,
730 3526 911 3599 attraheret,
936 3549 994 3606 quo
1014 3525 1135 3590 formam

126 3614 212 3704 bmp
241 3617 378 3698 explicare
407 3629 515 3697 possen
545 3617 617 3678 banc
644 3639 713 3681 vero
741 3617 821 3680 aliter
848 3617 1035 3699 explicandam
1066 3621 1135 3699 esse,

129 3711 224 3814 paullo
251 3709 366 3773 inferius
384 3708 547 3772 videbimus.

197 3805 236 3878 *)
265 3803 330 3864 Hoc
353 3814 491 3888 repugnat
520 3801 628 3863 formae
647 3801 925 3892 Nominativi‘brpffi
944 3817 988 3881 at,
1013 3803 1091 3868 sibu
1073 3835 1142 3898 apro

129 3917 183 3978 pro
192 3894 375 3957 Nominatum
397 3893 558 3977 accipimus,
579 3896 705 3959 Genitivi
720 3896 809 3959 lorma
824 3920 938 3978 prorsus
956 3897 1137 3963 desideratur

207 3989 252 4064 ⁸)
272 3988 380 4051 Ibidem
404 3989 495 4052 forma
520 4011 598 4054 casus
617 3989 744 4073 obliqui,
757 3984 978 4056 Instrumentalis
998 4007 1078 4076 puto,
1097 3993 1156 4104 le

130 4091 208 4172 stur
222 4085 325 4177 ΜΗ
