2908 4852
394 551 444 611 Be
458 550 667 632 poemuut'nu
692 549 846 614 tusorum
1072 535 1124 608 5}

117 704 239 780 dunve
268 701 384 780 classis
411 704 550 808 saepius
574 705 667 782 iote'c
687 707 1011 808 sta-permutantur.
1044 709 1120 784 mi*

116 841 166 899 cet
190 821 287 898 enim
313 821 432 899 literae
457 821 705 900 Armeniorum
737 827 861 899 natant
896 823 973 898 sint·
989 826 1120 902 titurio

113 971 165 1016 res
191 969 302 1044 quarn
328 940 452 1018 literae
473 941 670 1028 sanseritae,
691 941 875 1046 rariusque
888 938 1037 1028 *cedmon
1056 972 1120 1018 em

114 1075 201 1134 stant
226 1071 346 1134 tamm
374 1077 488 1136 certae
513 1057 688 1163 quaedem
716 1057 826 1162 leges,
848 1089 869 1134 e
892 1057 1116 1161 quibussin·

112 1176 212 1279 gulae
238 1203 360 1256 earum
391 1195 452 1254 aut
482 1195 679 1267 mutantur,
703 1193 764 1252 aut
796 1175 1026 1276 abjiciuntur,
1057 1194 1118 1252 aut
1247 1247 1249 1253 .

113 1294 332 1384 inmotum
362 1321 453 1398 quas
483 1295 593 1398 leges,
621 1322 694 1369 non
714 1295 826 1370 vomni
860 1293 1003 1396 quidem
1029 1307 1117 1372 tens'·

111 1441 197 1514 pore
222 1429 259 1488 et
283 1411 328 1488 ab
354 1415 450 1489 omni
477 1431 618 1490 auctore
643 1413 773 1516 pariter
789 1411 996 1502 observatas,
1021 1443 1117 1492 nunc

112 1530 277 1633 deinceps
292 1531 329 1606 in
356 1531 500 1634 singolis
517 1532 633 1620 literis,
649 1528 847 1609 secundom
873 1558 1013 1632 organa,
1026 1532 1116 1633 ‘qui-

111 1649 175 1724 hus
192 1649 482 1748 pronunciantur,
506 1649 633 1737 divisis,
650 1645 834 1724 ostendere
849 1647 888 1722 in
906 1647 1023 1723 animo
1049 1664 1114 1724 est.

209 1766 368 1870 Regulae
399 1796 483 1844 vero
523 1766 790 1871 permutationis
822 1765 1007 1869 primariae
1033 1782 1115 1842 suot

114 1903 311 1989 sequentes:
973 1901 977 1910 ·

201 2005 249 2098 ’1)
275 1999 428 2080 Literam
455 1999 595 2076 surdam
629 2000 735 2078 sunia
761 2001 972 2105 plerumque
998 2000 1115 2103 sequi-2

113 2139 184 2212 tur,
222 2120 356 2196 literam
396 2147 480 2196 vero
526 2127 691 2194 sonoram
730 2146 869 2195 sonora.
921 2116 991 2196 sed
1025 2118 1113 2194 haec

113 2239 227 2343 regula
266 2238 313 2314 ibi
348 2237 423 2314 sere
448 2265 520 2312 non
548 2235 767 2325 observatur,
801 2236 861 2312 uhi
887 2236 1006 2312 literae
1031 2263 1112 2312 con·
1202 2333 1205 2338 Ι

113 2375 296 2434 currentes·
318 2356 353 2432 in
389 2355 680 2460 pronunciatione
711 2354 936 2435 dirimuntur.

207 2478 313 2570 2)1n
351 2459 425 2551 fine
466 2502 594 2552 vocum
641 2472 762 2552 literae
812 2471 938 2550 surdae
977 2468 1112 2546 sonans
1187 2476 1191 2487 '

112 2595 366 2699 praeferuntur.

208 2716 250 2807 3)
273 2711 475 2788 Gemioatio
508 2709 776 2786 consonantium
803 2708 940 2784 vitatur.

208 2834 248 2926 4)
273 2830 421 2932 Saepius
455 2828 527 2902 sive
558 2827 595 2902 io
630 2826 883 2930 compositione
917 2851 980 2900 seu
1006 2818 1112 2896 rectus

110 2951 303 3052 plicatione,
327 2977 390 3022 seu
414 2945 568 3049 denique
593 2945 742 3020 flexione
766 2973 894 3020 vocum
920 2967 1111 3018 concursus

110 3067 373 3144 consonantium
392 3064 541 3141 evitandi
558 3091 662 3139 eausa
680 3063 796 3165 aliqua
819 3090 940 3138 earum
966 3057 1111 3159 ejicitur.

182 3238 186 3250 -
207 3193 394 3262 Praeterea
418 3212 503 3259 vero
519 3182 555 3257 io
574 3181 694 3256 multis
708 3181 853 3257 vocibus
877 3179 996 3254 literae
1019 3176 1119 3275 ejus·'

111 3301 335 3405 demergam
356 3331 425 3378 seu
449 3300 575 3377 valoris
600 3301 692 3376 inter
717 3322 755 3376 se
780 3311 1040 3404 permutantur,
1064 3293 1112 3368 ito

111 3441 148 3497 ut
173 3422 268 3497 nulla
296 3420 359 3496 alia
386 3447 506 3507 causa,
539 3419 604 3494 nisi
630 3435 830 3521 temporum
857 3446 920 3492 seu
947 3412 1111 3488 dialecto·

109 3569 186 3616 rom
213 3539 358 3615 varietas
384 3554 453 3611 aut·
470 3537 650 3640 singularis
675 3538 826 3613 auctoris
855 3534 1026 3636 scriptura
1052 3544 1113 3604 aut

110 3687 190 3734 vere
216 3657 336 3749 subsit,
365 3670 424 3730 aut
444 3669 545 3729 ⁴certe
571 3655 712 3732 subesse
738 3653 908 3730 videatur.

213 3775 243 3870 §-
270 3779 306 3849 5⁶
358 3770 580 3860 Labialess
610 3803 640 3862 1¹2
667 3801 702 3864 “is
728 3777 763 3861 2⁵2
788 3803 816 3854 ’Ἴ
843 3776 882 3857 'b
907 3773 940 3832 'B

210 3893 247 3988 a)
274 3889 422 3968 Media
453 3887 624 3983 percidit
656 3917 775 3993 saepe,
803 3889 869 3976 ‚uhi
902 3881 1113 3994 duplicanda

111 4029 162 4088 est
185 4011 222 4087 in
256 4041 342 4088 voce
373 4041 465 4102 mpure
497 4037 563 4113 pro
595 4041 707 4101 sappum
737 4009 759 4084 i.
784 4040 815 4086 e.
841 4003 993 4086 Abbas.
1043 4007 1115 4078 Per

112 4129 315 4233 aphaeresin
347 4126 509 4230 abjicitur
546 4127 584 4206 io
614 4157 701 4208 voce
724 4159 811 4224 aare
836 4156 902 4234 pro
926 4153 1041 4218 nunfai
1068 4117 1115 4194 οὗ

862 4249 912 4324 70
