2948 4852
511 541 558 602 De
582 506 811 622 'pronomimbon
1090 525 1163 598 169

155 719 254 804 quae.
275 696 409 773 literam
435 725 457 776 n
483 713 546 773 etc.
572 697 609 772 in
626 695 972 796 Pronomine'hujus.
992 727 1163 802 personae

154 815 333 906 absolut03
358 839 376 889 2
402 845 486 892 vero
520 833 585 890 etc.
613 813 819 892 in³Suffixis
844 814 992 905 babent,
1016 818 1163 893 mirifice
1259 905 1263 916 .

154 933 338 1012 consentit.
390 941 430 1008 In
451 933 616 1010 Genitivo
635 934 747 1009 forma
762 964 811 1022 aa
829 933 901 1010 sive
926 962 992 1037 pro
1007 941 1111 1024 ,με-ἐι,
1123 935 1164 1030 ’*)

153 1083 238 1129 cum
264 1051 507 1128 terminatione
525 1051 677 1127 Genitivi
693 1081 712 1114 a
735 1080 804 1153 pro
828 1083 869 1143 ¹11,
897 1051 977 1140 sive,
1002 1050 1038 1127 id
1065 1051 1164 1155 quod

151 1169 264 1274 magis
290 1167 418 1274 placet,
454 1199 519 1273 pro
541 1199 609 1260 gna
635 1169 760 1243 omissa
788 1169 887 1244 omni
918 1169 1162 1246 terminatione

154 1317 272 1376 casus,
306 1277 606 1390 quemadmodum
632 1283 748 1362 ¹modo
788 1288 825 1362 in
864 1288 977 1363 lorma
1006 1293 1059 1380 los
1077 1281 1163 1365 vidi-

152 1436 253 1512 mus,
287 1407 411 1506 scripta
444 1406 573 1498 est**).
624 1410 754 1480 Forma
786 1405 901 1481 Dativi
930 1410 1012 1497 pqu„
1030 1437 1071 1482 ex
1096 1406 1163 1482 bac

153 1522 311 1602 Genitivi
345 1523 458 1598 sorma
489 1555 538 1613 pn
564 1523 634 1598 sive
656 1553 725 1612 gut
757 1541 857 1596 enata
889 1519 1024 1598 literam
1049 1529 1162 1626 [pro
1259 1596 1262 1603 .

152 1676 180 1734 ,ῃ
207 1642 250 1718 cf.
277 1670 312 1744 p.
349 1644 430 1717 107.
462 1641 499 1715 in
527 1641 606 1715 'fine
638 1638 789 1714 additam
821 1639 943 1727 habet,
975 1658 1081 1744 atque
1114 1645 1162 1718 ob

149 1763 318 1836 insertam
351 1759 555 1834 vocalemlr
587 1750 722 1833 literam
755 1789 773 1820 n
808 1757 881 1835 sive
911 1791 948 1825 πι
979 1787 1045 1834 sec.
1080 1788 1161 1862 pag.

151 1883 218 1955 85.
265 1873 399 1972 abjecit.
466 1875 575 1952 Simili
620 1876 754 1951 ratione
800 1875 914 1951 forma
958 1877 1164 1966 Accusativi‚

151 2024 248 2099 quae
274 1989 293 2070 a
319 1993 445 2069 Dativo
471 1989 541 2066 non
571 1992 704 2080 diflert,
731 1992 932 2094 explicanda
959 2011 1026 2081 est,
1053 1995 1162 2070 modo

149 2125 352 2199 teneamus,
384 2109 519 2184 literam
545 2144 574 2204 n
590 2110 625 2185 in
652 2111 723 2184 hoc
747 2139 830 2185 casu
856 2141 896 2186 ex
914 2109 1037 2186 eadem
1063 2111 1161 2187 litera

149 2230 428 2308 characteristica
467 2217 678 2331 plerumque
722 2231 874 2330 praefixa
907 2230 966 2305 hic
999 2228 1084 2306 ve'ro
1110 2230 1162 2304 al-

147 2352 223 2427 fixa
262 2346 446 2423 oriundam
486 2375 568 2422 esse.
619 2346 814 2436 Ablativus5
848 2349 892 2423 ¹ut
930 2348 967 2421 in
997 2353 1104 2424 Pron.
1133 2351 1162 2422 I.

148 2496 245 2573 pers.
280 2466 366 2543 duas
400 2463 528 2540 formas
562 2465 781 2556 habenptt
813 2495 942 2568 nempe
978 2481 1012 2540 et
1041 2469 1162 2560 atsto

151 2609 307 2690 quarum
326 2621 330 2635 =
347 2584 444 2687 prior
477 2613 497 2658 e
530 2585 692 2659 Genitivo
727 2616 776 2675 ptr
812 2613 887 2685 pro·
907 2616 990 2673 put,
1026 2584 1161 2681 abjecta

153 2698 267 2781 vocali
299 2730 367 2776 sec.
401 2729 435 2803 p.
461 2705 540 2790 85„
578 2703 751 2804 posterior
783 2730 883 2789 vero,
922 2701 1163 2776 adverbialiter

155 2839 292 2896 tanturn
324 2835 507 2922 usurpata,
534 2821 694 2894 eDativi
720 2821 831 2895 lorma
854 2823 936 2910 abq-
961 2829 1094 2904 exorta,
1127 2836 1162 2893 et

153 2941 192 3015 in
217 2956 367 3041 utraque
392 2937 553 3013 Ablativi
568 2939 766 3013 terminatio
790 2937 904 3014 Hel
857 2964 963 3039 cp.
992 2939 1076 3010 109.
1102 2935 1162 3012 ad·
1215 2975 1218 2988 ·

151 3053 248 3132 dita
265 3073 326 3130 est.
386 3054 660 3131 Instrumentalis
694 3064 752 3146 salt
792 3054 966 3131 similiter
986 3082 1052 3155 pro
1085 3063 1162 3144 pule

156 3175 228 3250 sive
251 3181 345 3264 putta
371 3175 414 3247 cl.
440 3203 517 3276 pag.
544 3177 625 3249 113.
650 3176 821 3250 scribitur.
847 3213 891 3228 -
915 3173 1161 3249 Nominativus
1214 3233 1215 3236 ,

155 3294 296 3368 numeri
328 3281 470 3394 pluralis
504 3291 602 3367 aliter
634 3309 738 3395 atque
770 3292 807 3366 in
832 3297 939 3367 Pron.
966 3299 993 3367 1.
1026 3321 1129 3394 pers.
1124 3321 1183 3370 ες
1211 3337 1214 3364 1

152 3411 381 3490 Nominativo
410 3411 504 3512 Sing
538 3410 710 3486 formatur
742 3440 823 3485 cum
856 3405 1035 3484 additione¹
1058 3426 1162 3484 notae

143 3509 263 3629 'liujus
296 3527 435 3604 numeri
470 3545 504 3602 et
536 3557 634 3604 casus
656 3560 696 3618 a
747 3527 853 3605 Sed
842 3559 898 3603 1n
896 3528 1041 3641 casibus
1075 3525 1163 3602 obli

154 3649 236 3752 quis
262 3629 343 3722 alia
352 3645 450 3721 litera
477 3642 632 3721 radicalis
659 3647 819 3750 apparet,
839 3638 966 3746 eaque
999 3674 1088 3734 non,
1096 3653 1163 3720 ut

149 3769 189 3874 in
217 3765 433 3882 Pronomine
457 3772 484 3839 1.
509 3793 598 3882 pers.
628 3793 710 3890 curn
743 3763 816 3854 illa,
852 3791 943 3866 quae
975 3763 1012 3837 in
1038 3761 1159 3860 iisdem

155 3982 161 3993 ·v
171 4030 261 4104 *)
273 4028 327 4091 cl.
340 4007 405 4113 pag.
399 4032 473 4093 .·85.

231 4119 287 4196 Μ>
307 4123 392 4184 Hand
405 4141 470 4183 raro
485 4120 598 4183 enimn
573 4055 692 4181 loco
700 4071 802 4182 vocalis
821 4074 1008 4184 rescribitur.
1021 4119 1068 4182 cl
1067 4081 1102 4221 p.
1109 4074 1214 4235 86.

911 4237 1006 4307 22
