2934 4846
288 518 367 590 188
698 537 746 596 De
775 535 879 598 verbis.

290 691 395 764 nibus
430 690 602 764 sanseritis
628 691 885 792 comparaulur.
935 693 989 767 Ao
1013 691 1126 792 prima
1151 689 1298 794 quidem

289 809 495 894 armeniaca,
520 809 621 907 cujus
637 808 765 882 vocalis
782 809 1053 884 characteristica
1078 826 1129 883 est
1145 814 1178 891 b,
1204 837 1300 884 sans-

290 927 395 1000 critae
426 943 540 1000 sextae
566 925 765 1030 respondet,
789 945 887 1028 quae·
898 927 1054 1002 vocalem
1080 955 1108 1001 a
1132 929 1299 1001 insertam

281 1039 413 1130 babet,
447 1073 576 1146 eaque,
608 1063 649 1120 ut
681 1045 718 1118 iu
749 1045 947 1119 verbo'lnl‘
957 1072 1002 1112 =
1026 1051 1060 1120 S.
1083 1047 1188 1119 osmi
1211 1045 1301 1119 inlr

288 1162 432 1235 transiit.
490 1161 651 1238 Secunda
690 1191 773 1238 cum
795 1163 924 1238 ·vocali
964 1195 991 1228 m
1024 1163 1299 1238 characteristica

291 1280 362 1352 sive
389 1280 572 1354 samaritae
597 1280 741 1381 primae,
765 1310 857 1382 quae
883 1280 1031 1356 eandem
1054 1281 1210 1356 vocalem
1237 1282 1300 1354 ba·

291 1396 361 1484 bet,
385 1413 492 1498 atque
509 1401 650 1471 Guuam
668 1399 824 1500 requirit,
848 1417 993 1500 cognata
1018 1418 1079 1488 est,
1105 1401 1176 1474 sive
1193 1401 1299 1501 quar⁶

291 1533 348 1588 tae
379 1515 582 1603 sanserilae,
613 1516 717 1614 cujus
747 1517 925 1591 character
946 1517 998 1618 ja
1028 1517 1064 1590 in
1092 1546 1119 1591 a
1150 1517 1299 1590 transire

291 1633 416 1734 poluit.
466 1634 585 1708 Tertia
612 1662 718 1735 porro
738 1635 848 1710 vocali
866 1667 904 1700 ut-
919 1635 1079 1738 insignita
1105 1635 1150 1709 ab
1176 1653 1298 1708 octava

291 1752 472 1841 sanserita,
496 1780 588 1853 quae
614 1751 762 1826 eandem
787 1752 945 1829 vocalem
971 1754 1107 1839 relinet,
1131 1781 1204 1826 non
1231 1752 1299 1828 dif-

292 1867 381 1957 [ειη
411 1897 452 1942 ac
485 1867 639 1972 denique
666 1889 788 1972 quarta
822 1871 893 1945 sive
919 1872 1051 1974 passiva
1068 1869 1297 1972 'Conjugalim

292 1985 395 2083 cujus
436 1987 712 2064 characteristica
750 1989 880 2066 vocalis
919 2008 972 2065 est
1005 1995 1046 2081 Ῑι,
1088 1989 1185 2064 omui
1219 1989 1298 2087 jure

292 2132 374 2178 cum
407 2107 548 2214 Passivo
582 2107 722 2210 linguae
762 2108 965 2195 sanseritae,
1000 2105 1099 2211 quod
1131 2107 1300 2212 syllabam

281 2221 333 2323 jo
357 2223 666 2300 characteristicam
699 2225 815 2314 babet,
839 2243 1070 2327 comparatur.
1121 2223 1192 2301 Sed
1218 2224 1300 2298 alia-

291 2367 373 2414 rum
406 2371 553 2446 quoque
592 2342 880 2446 conjugationum
907 2345 1167 2431 sanseritanim,
1196 2343 1300 2417 tertia

290 2473 428 2534 tantum
454 2477 490 2534 et
514 2461 662 2563 septima
682 2460 836 2549 exclusis,
860 2463 1002 2564 vestigia
1028 2459 1123 2536 baud
1149 2461 1298 2535 obscura

290 2572 328 2647 in
361 2573 480 2679 lingua
504 2579 754 2654 Armeniorum
787 2581 993 2680 reperimus.
1052 2579 1170 2652 Verba
1203 2579 1299 2652 enim

290 2693 402 2786 uqi.
428 2723 458 2769 e.
485 2698 586 2782 dure,
611 2699 681 2788 l¹⁸¹L
693 2698 716 2771 i.
743 2727 772 2772 e.
799 2710 909 2785 stare,
934 2730 1006 2788 μη,
1019 2698 1042 2770 i.
1060 2727 1089 2770 e.
1117 2698 1296 2770 remrein

291 2811 441 2888 flexione
478 2813 655 2890 secundae
694 2817 932 2918 conjugatioui
970 2815 1169 2902 musoritae,
1207 2843 1301 2915 quae

291 2929 427 3006 radices
459 2933 534 3006 siue
567 2932 676 3007 vocali
710 2935 913 3037 interposita
939 2963 1022 3008 cum
1048 2932 1301 3006 terminationi-¹

292 3046 360 3122 bus
400 3050 601 3153 conjungit,
651 3070 810 3126 accurate
852 3051 1083 3154 respondeum
1134 3052 1301 3126 sanscrila

293 3166 427 3267 quinta,
453 3144 544 3270 lluae
569 3167 734 3271 syllabam
761 3199 814 3246 nu
831 3169 936 3256 addit,
961 3171 996 3242 in
1023 3167 1138 3243 verbis
1163 3171 1297 3260 malaq-

291 3285 315 3358 i.·
337 3291 371 3360 'e.
399 3314 546 3390 capere,
576 3291 777 3381 ffildfflnq
796 3291 818 3364 i.
845 3319 875 3363 e.
897 3291 1036 3386 'legem
1058 3289 1203 3378 &mimel-
1217 3284 1238 3359 i.
1266 3317 1299 3363 e.

283 3403 434 3493 jurare,
467 3404 612 3507 aliisque
644 3407 741 3482 haud
776 3408 897 3510 paucis
931 3406 1102 3493 cernitur3
1134 3436 1175 3480 ac
1205 3435 1302 3480 nona

294 3519 449 3624 denique
475 3526 655 3613 sauscrila,
689 3555 780 3627 quae
806 3525 976 3623 syllabam
1002 3529 1074 3607 nis
1093 3539 1126 3598 el
1158 3524 1194 3597 in
1223 3525 1302 3626 qui-

295 3637 441 3714 busdam
461 3643 582 3716 formis
600 3651 652 3717 no'
669 3645 797 3732 inserit,
821 3674 902 3719 cum
921 3643 1034 3718 verbis
1050 3643 1301 3716 Armeniorum

294 3758 467 3833 secundae
502 3791 573 3834 non
601 3763 717 3836 minus
743 3791 849 3863 quam
877 3779 1020 3864 quarlae
1047 3760 1118 3833 sive
1144 3761 1303 3861 passivae

294 3875 565 3978 conjugationis,
599 3909 690 3981 qnae
718 3880 856 3955 easdem
885 3880 1029 3986 syllabas
1049 3881 1098 3943 Ὶιω
1125 3896 1159 3953 et
1179 3881 1220 3969 '111¹
1247 3909 1303 3952 ra-

293 3991 428 4070 dicibus
467 3994 622 4086 addunt,
658 4030 688 4074 e.
722 4029 755 4099 g.
788 4001 974 4090 buumw‘bwL
1003 3998 1023 4072 i.
1058 4027 1088 4072 e.
1125 3999 1305 4097 polliceri,

292 4117 444 4208 *mlh
458 4116 479 4190 i.
500 4146 529 4190 e.
555 4120 659 4199 mort,
687 4136 757 4192 alc:
770 4135 917 4220 cognata
941 4144 1015 4190 esse
1033 4115 1179 4192 videtur.
1229 4121 1304 4193 Ex-
