2856 4850
312 701 316 708 ’
363 706 532 796 ult}
560 707 603 796 ll
632 705 679 796 R
734 711 799 798 ll.
922 697 925 705 ’

304 855 363 918 nn
385 851 599 942 enarrans
623 852 863 918 onnnoms

153 981 371 1081 Priusquam
404 981 492 1057 ad'
481 1012 573 1085 rpsas
605 985 768 1061 orationis
800 1002 917 1100 partes
948 1014 1083 1061 earum-

93 1128 150 1202 que
175 1098 362 1174 flexionem
389 1127 590 1204 pergamus,
623 1132 733 1208 pauca
764 1103 831 1178 hlc
858 1103 902 1179 de
934 1106 1083 1206 lr'rtguac

93 1215 269 1292 radicibus
285 1213 449 1295 videntur
469 1248 544 1295 esse
570 1221 841 1324 praemonenda.
889 1226 965 1298 Hae
990 1221 1083 1302 enim

93 1354 161 1410 sunt
192 1335 367 1438 primitiva
405 1365 532 1414 vocum
571 1337 758 1426 elementa,
796 1370 815 1414 a
851 1340 979 1444 quibus
1012 1357 1084 1414 tam
1126 1385 1131 1406 ι

92 1454 187 1528 verba
212 1471 248 1528 et
272 1454 437 1542 nomina,.
458 1483 565 1558 qnam
597 1457 807 1560 pronomina
834 1475 867 1532 et
894 1455 1083 1561 particulae

92 1572 253 1674 originem
292 1570 436 1650 ducunt.
487 1585 531 1651 In
569 1573 688 1678 lingua
728 1574 939 1662 armeniam,
975 1590 1016 1649 ut
1047 1573 1084 1648 in

93 1689 154 1764 aliis
180 1689 307 1792 linguis
332 1720 413 1764 cnm
447 1692 608 1767 sanserita
637 1691 813 1795 cognatis,
838 1689 929 1768 duae
965 1719 1085 1766 earum

95 1807 207 1883 classes
233 1798 502 1884 constituendae
528 1827 623 1900 sunt,
656 1840 806 1914 quarum
839 1807 997 1885 altera
971 1809 1085 1884 nomi·

95 1955 169 2000 num
202 1945 237 2001 et
269 1913 476 2015 verborum,
511 1925 617 2002 altera
650 1958 733 2004 vero
766 1929 1019 2062 pronominum
1053 1943 1088 2001 et

96 2044 342 2144 panicularum,
369 2073 459 2147 quae
486 2042 660 2132 dicuntur,
688 2046 858 2148 originem
885 2061 1005 2149 atque
1018 2044 1088 2120 ele·

99 2181 201 2238 menta
231 2162 268 2236 in
302 2191 338 2236 se
380 2167 548 2238 continet.
608 2160 722 2238 Multa
760 2159 905 2266 quidem
944 2163 1089 2237 uomina

98 2275 128 2352 in
154 2281 269 2382 primo
303 2306 403 2370 casn,
449 2309 490 2356 ac
529 2269 683 2384 singulae
716 2311 861 2385 quoque
900 2280 1089 2364 verborum

100 2395 220 2473 lonnae
253 2396 359 2472 literis
392 2415 528 2473 tantum
562 2395 768 2508 radicalibus
794 2417 971 2486 constant,
998 2428 1027 2476 e.
1053 2425 1090 2500 g.

99 2523 177 2607 popl,
203 2519 271 2608 ¹}st
294 2548 375 2608 ΠΨ,
396 2520 506 2607 l'fflfflms
532 2518 609 2600 5¹⁰⁷&
635 2523 692 2600 ὢν
718 2549 780 2601 '⁰¹¹7
796 2521 886 2612 mh
912 2523 995 2611 'ulfi
1020 2511 1092 2604 Sed,

99 2662 197 2734 quum
223 2635 294 2734 jam
321 2651 450 2710 certam
478 2633 654 2737 quandam
685 2636 849 2711 orationis
875 2653 1011 2740 partem
1038 2634 1091 2708 in-

100 2747 219 2842 dicent,
255 2782 321 2856 pro
354 2752 438 2856 ipsis
472 2751 647 2828 radicibus
682 2753 803 2828 haberi
836 2783 908 2828 non
935 2767 1092 2856 possunt.

99 2867 177 2945 Alibi
202 2901 287 2947 vero
313 2866 457 2946 eaedem
485 2871 619 2945 formae
653 2871 779 2946 vocalis
812 2886 906 2945 certe
931 2865 1092 2944 radicalis

100 2990 314 3063 mutationem
347 2987 545 3074 subierunt,
572 2985 871 3092 quemadmodum
905 2989 989 3105 utre
1005 2988 1088 3079 φυῗι

103 3104 165 3196 lvo,
142 3109 267 3199 uffll,
294 3107 358 3198 lg,
383 3123 489 3209 atque
513 3106 585 3205 jam
607 3105 697 3182 hanc
722 3108 768 3184 ob
796 3137 937 3183 causam
962 3135 983 3180 a
1010 3133 1094 3208 sera

105 3221 202 3300 radice
229 3223 384 3301 diversae
405 3242 501 3300 ..sunt

163 3351 203 3418 ln
237 3344 431 3420 armeniaca
465 3343 567 3418 etiam
600 3343 718 3446 lingua
749 3340 881 3421 radices
922 3339 1096 3456 monosylf

102 3438 185 3519 labae
232 3463 331 3533 sunt,
371 3461 476 3547 atque
518 3463 655 3548 praeter
689 3477 763 3536 eas,
802 3443 930 3550 quibus
968 3471 1098 3547 prouo-

102 3561 182 3636 mina
208 3568 382 3653 constant,
408 3561 567 3638 verbales
593 3594 757 3666 quoque,
792 3565 843 3639 uti
875 3563 1016 3637 alteram
1044 3588 1098 3632 ra-

102 3674 206 3755 dicum
256 3698 390 3787 partem
441 3710 522 3755 cum
559 3681 798 3756 Grammaticis
844 3679 989 3755 aliarum
1034 3675 1099 3751 lin-

101 3822 237 3894 guarum
271 3826 477 3900 nuncupare
509 3797 639 3900 placet,
678 3797 750 3873 sola
792 3797 902 3874 vocali
940 3813 1099 3872 constare

103 3935 246 4051 possunt,
272 3915 396 4015 cujus
409 3916 461 3990 rei
486 3917 629 3992 unicum
655 3933 748 3992 certe
774 3915 973 4020 exemplum
996 3914 1102 3990 habe·

105 4056 172 4106 mus
195 4036 230 4108 in
266 4033 382 4109 radice
409 4039 448 4116 b,
483 4032 578 4110 uude
611 4034 760 4110 verbum
784 4040 832 4127 [τι
855 4052 891 4110 et
922 4032 1101 4108 nomenk

106 4143 291 4230 immediate
318 4153 383 4246 (sit
407 4153 508 4230 venia
536 4153 664 4250 verbo)
698 4151 934 4247 descendunt3
974 4144 1102 4222 deinde

851 4276 900 4344 12
