2912 4846
375 759 423 828 At
454 765 490 827 et
524 753 659 841 Vobis,
697 755 962 852 praeceptores
989 755 1097 827 omni
1129 777 1205 852 qua
1236 775 1303 850 par

261 903 266 916 ,
299 884 354 945 est
386 870 597 945 reverentia
623 869 790 960 colendi,
823 871 889 970 qui
916 868 1133 969 quotidiana
1158 868 1303 942 institu-

297 989 402 1063 tione
427 1012 493 1061 me
518 985 727 1074 edocuistis,
755 1000 792 1062 et
817 988 997 1064 interiora
1023 987 1221 1063 literarum
1246 1011 1303 1060 ar-

297 1107 514 1181 meniarum
532 1103 640 1200 adyta
666 1104 1023 1187 benevolentissime
1054 1104 1152 1179 mihi
1182 1104 1304 1179 reclu-

296 1223 408 1310 sistis,
449 1222 624 1295 animum
663 1245 818 1320 semper
857 1223 997 1298 fovebo
1038 1223 1303 1320 gratissimum.

297 1344 444 1434 Quanta
471 1340 576 1414 enim
602 1339 777 1438 patientia
800 1363 910 1415 aures
932 1340 1183 1437 interroganti
1208 1339 1305 1414 mibi

296 1483 450 1557 semper
475 1456 715 1556 praebuistis,
749 1457 941 1552 ignoranti
975 1472 1013 1535 et
1037 1459 1178 1534 erranti
1202 1457 1303 1531 viam

295 1574 563 1676 intelligentiae
596 1599 637 1649 ac
670 1574 832 1650 veritatis
862 1577 1075 1675 aperuistis,
1117 1572 1303 1650 dubitanti

295 1692 410 1768 dubia
434 1691 621 1768 benevole
639 1691 859 1783 resolvistis,
881 1695 1139 1793 animumque
1165 1691 1216 1766 ob
1242 1714 1303 1764 va-

294 1812 368 1885 rias
399 1833 535 1886 rerum
567 1809 840 1888 vicissitudines
875 1812 1100 1912 depressum
1133 1807 1301 1885 consola-

294 1929 399 2004 tione
431 1927 580 2002 amabili
614 1928 795 2004 erexistis!
857 1932 911 2004 Ita
944 1929 1041 2004 mihi
1077 1943 1114 2003 et
1151 1951 1301 2028 praece-

293 2059 423 2146 ptores
441 2043 562 2120 suistis
581 2059 617 2121 et
642 2047 751 2120 amici
778 2049 967 2152 carissimi,
994 2071 1160 2149 quorum
1186 2046 1302 2121 bene-

294 2163 480 2238 volentiae
507 2177 544 2237 et
569 2163 809 2258 benignitatis
836 2188 1039 2264 nunquam
1066 2163 1273 2239 obliviscar.

337 2293 340 2299 “
369 2285 501 2373 Quum
523 2279 638 2376 igitur
654 2284 743 2364 Vos,
770 2280 850 2356 Viri
873 2303 1122 2377 summopere
1140 2280 1300 2365 colendi,

293 2391 348 2472 ob
373 2397 529 2471 virtutes
547 2397 673 2469 omnis
691 2395 841 2492 generis
865 2396 1019 2470 maximi
1045 2396 1192 2486 faciam,
1218 2420 1299 2494 gra-

292 2527 409 2613 toque
436 2513 565 2586 animo
583 2518 661 2591 Vos
686 2536 848 2599 venerer
874 2527 911 2588 et
936 2538 1080 2590 amem:
1107 2513 1183 2601 hoc
1210 2540 1300 2616 qua-

291 2631 482 2730 lecunque
521 2629 749 2729 opusculum
796 2644 979 2732 tanquam
1019 2633 1097 2708 mei
1148 2635 1188 2706 in
1219 2638 1299 2711 Vos

292 2749 408 2824 animi
429 2749 691 2828 testimonium
715 2748 913 2847 publicum
932 2750 1099 2849 prodere
1118 2750 1230 2837 volui,
1257 2776 1298 2824 ac
1351 2827 1358 2834 ,
1452 2841 1453 2858 χ

206 2929 212 2944 .
286 2890 388 2963 «rogo
415 2872 494 2943 Vos
521 2879 635 2966 atque
659 2865 835 2954 obsecr0‚
862 2882 906 2942 ut
931 2892 1068 2944 sereno
1092 2867 1200 2942 vultu
1223 2865 1299 2940 hoc

290 2983 566 3058 munusculum
584 2985 776 3083 accipiatis,
789 3010 841 3060 ac
857 2986 1047 3062 benevole
1064 2999 1185 3061 errata
1202 2984 1298 3058 mihi

291 3089 524 3198 indulgeatis:
577 3106 705 3177 Deum
725 3127 819 3178 vero
838 3104 882 3179 Ο.
902 3109 951 3178 Μ.
971 3128 1120 3203 precor,
1142 3117 1186 3176 ut
1203 3102 1297 3188 Tibi,

290 3220 359 3296 Vir
384 3243 537 3295 summe
563 3220 799 3307 Reverende,
826 3219 981 3295 firmam
1007 3222 1176 3295 restituat
1201 3219 1297 3294 vale·

289 3336 476 3427 tudinem,
493 3343 627 3436 Teque
645 3350 683 3412 et
699 3342 787 3425 Vos,
812 3341 1078 3438 Praeceptores
1096 3337 1295 3452 Carissimi,

289 3467 493 3554 totumque
519 3468 753 3530 conventum
771 3459 953 3533 Vestrum
975 3455 1087 3530 bonis
1114 3453 1297 3528 omnibus

290 3572 478 3658 cumulet,
510 3561 720 3670 operaque,
747 3597 844 3671 quae
868 3575 1069 3674 suscipitis,
1101 3572 1230 3646 omnia
1254 3572 1295 3644 in

244 3747 249 3750 .
288 3685 421 3785 populi
447 3677 573 3764 Vestri
598 3715 639 3763 ac
664 3691 777 3764 totius
809 3690 915 3764 orbis
941 3689 1093 3767 literarii
1126 3689 1295 3792 fructum

289 3816 327 3876 et
352 3801 550 3880 utilitatem
576 3806 766 3882 secundet.
819 3807 963 3895 Valete,
987 3833 1129 3907 meque
1162 3830 1294 3881 amore

289 3920 484 4019 reciproco
511 3921 643 3998 fovere
672 3948 792 4023 porro
820 3927 975 4024 pergite.

357 4067 513 4127 Scribebam
532 4070 661 4140 Berolini‚
685 4073 712 4127 d.
731 4072 778 4129 lll.
797 4071 870 4128 biart.
888 4070 1162 4152 MDCCCXXXVH.
