2912 4846
277 926 283 935 .
398 774 949 946 'enarrarre

613 1019 765 1032 ——v—

184 1082 347 1195 Saeculo
375 1137 513 1210 nostro,
547 1149 620 1223 quo
651 1123 793 1228 linguae
827 1125 902 1202 sere
928 1134 1081 1215 ornnes,
1102 1155 1192 1227 quae

182 1237 360 1312 literatura
393 1236 510 1339 aliqua
541 1236 711 1342 gaudent,
752 1271 835 1318 suos
867 1242 999 1320 habent
1031 1243 1192 1330 cultores,

182 1355 381 1450 armeniaca
406 1353 523 1456 lingua
550 1384 663 1457 paene
689 1357 847 1460 neglecta
873 1361 1049 1438 remansit.
1102 1365 1192 1439 Cau·

182 1499 239 1545 sae
282 1469 390 1568 hujus
428 1471 479 1544 rei
518 1472 554 1546 in
596 1491 738 1574 promtu
777 1493 868 1552 sunt.
921 1481 1013 1554 Nam
1053 1494 1192 1578 praeter

182 1586 384 1688 scripturae
410 1615 526 1664 sacrae
545 1591 750 1676 versionem,
776 1608 811 1666 et
827 1591 938 1668 Mosis
956 1593 1192 1668 Chorenensis

182 1731 290 1805 opera
320 1703 526 1778 historicum
563 1722 598 1780 et
622 1708 899 1808 geographicum
931 1707 1019 1782 nihil
1045 1708 1120 1786 lere
1146 1707 1191 1786 ad

181 1818 418 1922 cognitionem
445 1838 601 1896 nostram
627 1809 852 1923 pervenerat,
887 1840 994 1925 atque
1021 1822 1191 1902 editiones

180 1935 259 2012 illae
276 1919 415 2011 Uicanii
433 1936 540 2013 altera
561 1954 596 2013 et
621 1935 728 2012 altera
746 1939 1051 2028 Wbistoniorum,
1076 1970 1188 2042 quum

181 2053 300 2129 critico
342 2051 574 2127 fundamento
616 2051 830 2152 indigerent,
864 2083 985 2130 ansam
1019 2055 1191 2132 dederant

182 2167 438 2271 praejudicatae
464 2167 633 2270 opinioni,
660 2195 699 2241 ex
727 2197 797 2270 qna
815 2167 922 2248 libros
939 2171 1189 2248 Armeniorum

131 2375 133 2380 Ι
181 2283 311 2361 nullius
338 2285 411 2360 sere
429 2285 539 2387 frugis
554 2286 632 2360 'esse
658 2281 701 2358 ad
728 2313 842 2360 unum
869 2315 991 2362 omnes
1009 2286 1189 2389 putabant,

136 2409 140 2416 ’
181 2419 225 2488 et,
251 2399 348 2503 quod
375 2400 549 2482 editorum
581 2399 958 2502 culpaetribuendum
985 2421 1075 2490 erat,
1106 2404 1189 2505 ipsis

179 2517 275 2593 libris
302 2517 510 2594 tribuebant.
561 2521 640 2592 Nec
666 2534 828 2619 poterant
854 2519 916 2594 viri
935 2519 1123 2596 doctissimi
1149 2549 1190 2596 ac

181 2633 416 2722 celeberrimi,
439 2633 570 2736 „quales
604 2650 702 2710 erant
735 2632 934 2712 Schroeder
963 2634 1060 2710 Prol.
1094 2641 1189 2710 Mar·

180 2752 379 2854 burgensis,
406 2768 441 2826 et
466 2750 498 2826 la
524 2755 634 2826 Croze
665 2748 949 2826 bibliothecarius
975 2779 1046 2852 reg.
1073 2753 1188 2826 Berol.
1224 2815 1227 2819 .

181 2867 303 2943 orbem
328 2867 518 2944 literarium
546 2895 588 2942 eo
616 2864 829 2966 perducere,
854 2885 894 2941 ut
917 2866 1046 2965 justam
1073 2884 1108 2940 et
1133 2895 1190 2942 ae·

181 3013 288 3087 quarn
321 2983 366 3060 de
400 2983 506 3060 literis
536 2983 785 3060 Armeniorum
825 2983 1031 3059 sententiam
1072 2983 1188 3069 ferret,

182 3129 378 3202 eorumque
411 3100 522 3174 libros
552 3099 712 3176 classicos
745 3129 765 3174 e
790 3098 1082 3174 bibliothecarum
1108 3102 1189 3174 scri·

133 3236 137 3244 ’
181 3218 246 3293 niis
271 3218 306 3292 in
333 3215 448 3292 lucem
467 3217 696 3317 protraheret.
749 3215 871 3320 lnclyti
894 3213 1037 3290 tandem
1054 3215 1189 3292 Mechi-

180 3335 262 3409 taris
293 3331 452 3434 discipuli
487 3333 619 3408 criticas
656 3331 826 3409 editiones
856 3347 1041 3433 pararunt,
1082 3348 1189 3430 atque

182 3448 306 3525 additis
332 3449 549 3524 versionibus
575 3449 688 3526 latinis
706 3467 842 3552 partem
866 3447 1037 3522 librorum
1063 3447 1189 3520 nostris

181 3567 285 3642 etiarn
325 3563 404 3639 viris
444 3564 554 3640 doctis
595 3563 875 3667 cognoscendam
917 3579 1188 3664 proposuerunt.

180 3687 421 3757 Veruntamen
455 3679 515 3756 diu
542 3682 658 3760 adbuc
682 3681 817 3766 bilibri
842 3679 1030 3766 latuerunt,
1056 3695 1099 3765 et,
1126 3679 1188 3779 qui
1296 3694 1299 3705 ¹

181 3799 236 3873 his
252 3798 393 3900 impulsi
418 3799 559 3902 linguae
584 3817 619 3874 et
645 3798 752 3874 literis
768 3796 1016 3874 Armeniorum
1043 3821 1189 3896 operam
1275 3842 1279 3850 ·

181 3917 279 3990 suam
305 3934 482 4006 navarent,
506 3932 746 4020 apparuerunt
761 3931 929 4016 tanquam
954 3912 1041 4001 „rari
1067 3927 1189 3994 nantes

180 4030 215 4103 in
234 4032 371 4134 gurgite
387 4031 511 4110 vasto.”
562 4036 654 4107 Nam
680 4032 800 4132 paucis
817 4046 953 4106 tanturn
970 4017 1128 4128 contigit,
1148 4041 1188 4097 ut
