2934 4846
506 533 552 591 De
581 530 805 610 pronominibus
906 565 913 576 ·
1087 518 1159 590 179

148 685 315 806 quoniam
357 688 490 762 sormae
525 667 739 763 Nominativi
777 694 827 774 tul,
858 705 937 762 uota
971 717 1068 764 casus
1101 699 1157 764 In

144 793 381 880 strumtnlalis
414 795 515 882 addi'
521 829 592 878 non
619 802 749 905 potuit,
781 822 868 879 eto
851 835 887 868 αι
920 834 984 908 pro
1020 808 1154 909 Copula

145 915 345 1024 usurpatur.
401 931 446 997 ln
475 948 624 996 numero
657 921 781 1024 plurali
815 922 949 998 literae
967 922 1104 998 radicali
1136 957 1153 988 n

143 1041 177 1115 in
206 1072 237 1133 v
269 1039 460 1142 productae
493 1037 645 1114 casuum
670 1041 929 1115 terminationes
963 1039 1153 1116 adnectun-

142 1176 218 1244 tur:
250 1189 327 1250 vo,
360 1161 426 1251 ‘tlt‘
460 1188 528 1249 ’ψη
534 1157 647 1232 sed
665 1175 699 1232 et
731 1157 788 1231 hic
820 1185 989 1232 numerus
1021 1167 1151 1234 Instru-

139 1274 283 1376 mentali
322 1292 430 1362 caret,
468 1293 502 1348 et
533 1276 647 1349 forma
679 1282 797 1365 orale,
839 1304 949 1376 quae
963 1277 1150 1378 profertur,

140 1368 260 1468 itirle'm
288 1411 394 1495 atque
419 1400 507 1484 “etl
519 1391 562 1467 ad
588 1398 790 1468 Pronomeu
818 1423 853 1483 πμ
876 1391 1075 1467 referenda·
1073 1409 1162 1472 ·est.‚

215 1517 333 1585 Exstat
366 1528 543 1612 praeterea
586 1511 725 1585 tertium
767 1537 912 1610 quoque
945 1516 1146 1584 Pronomen

139 1629 443 1746 interrogativum
453 1629 599 1720 [ιἼιζ-τὲ
632 1631 771 1731 quill,p
796 1625 894 1729 quod
928 1631 1068 1719 euml·
1090 1657 1147 1701 co·

139 1765 282 1852 gnatum
309 1759 344 1820 e't
370 1745 482 1819 omnis
504 1746 659 1821 flexionis
686 1773 808 1848 expers
835 1762 895 1820 est.
949 1747 1147 1848 Reperiuu·

138 1883 196 1939 tur
220 1863 328 1938 modo
355 1863 488 1937 formae
514 1893 595 1938 cum
620 1863 848 1940 Praelrxisl·
812 1866 912 1953 affl,
927 1866 1074 1956 Ληί-

213 1985 251 2078 §.'
273 1986 305 2056 6.
333 1987 423 2054 Cum
458 1980 730 2076 Prou'ominibus
765 1981 1017 2080 interrogativis
1047 1982 1145 2054 Pro-

139 2095 275 2172 noinen
309 2099 499 2172 relativum
539 2098 725 2172 arctissime
761 2096 941 2186 cohaeret,
971 2115 1077 2199 atque
1108 2100 1143 2172 in

137 2217 254 2319 lingua
288 2215 482 2290 armeniaca
515 2211 640 2289 eodem
668 2213 790 2304 modo,
823 2244 896 2315 quo
928 2216 1144 2289 Pronomina

137 2334 345 2437 possessiva
359 2363 378 2408 a
406 2333 654 2435 personalibus
687 2333 771 2406 hoc
782 2336 984 2406 Pronornen
1006 2333 1102 2407 'ab
1093 2362 1143 2406 rn-

136 2451 344 2555 terrogativo
372 2450 552 2526 formatur.
605 2451 787 2526 Genitivus
814 2451 907 2525 enim
934 2452 990 2542 ”lt
1008 2455 1142 2525 Prono-

117 2571 237 2644 ‘minis
262 2573 293 2633 'n’
314 2570 350 2643 in
378 2569 527 2644 sormam
554 2569 748 2646 breviorem
776 2600 811 2658 op
829 2568 862 2660 ³¹¹)
897 2585 1050 2642 mutatus
1076 2585 1141 2642 sta-

133 2691 195 2764 tim
229 2717 294 2790 pro
319 2689 543 2764 Nominativo
570 2686 792 2759 Pronominis
832 2683 963 2758 relativi
995 2714 1141 2786 usurpa

70 2820 73 2908 J
135 2825 205 2894 tur,
240 2806 340 2904 cujus
372 2825 539 2906 tanquam
573 2802 715 2878 derivati
749 2801 850 2884 llexio
886 2830 968 2875 cum
992 2799 1140 2878 {lesione

135 2923 387 2998 pronominum
426 2921 697 3026 possessivorum
713 2958 715 2966 ⁴
733 2949 874 3023 prorsus
906 2907 1088 2996 consentit.
1188 2943 1190 2950 ·

209 3043 240 3135 ἓ.
269 3046 300 3116 7.
326 3043 566 3116 Pronomr'na
591 3041 787 3140 indefinita
818 3034 938 3111 itidem
965 3055 1004 3112 ut
1028 3036 1139 3112 relati-

134 3189 217 3232 vum
252 3157 295 3232 ab
321 3155 832 3261 interrogativisdescendunt,
861 3167 976 3256 atque'
1001 3173 1060 3230 aut
1095 3156 1138 3228 ab

132 3277 282 3358 hisnou
310 3275 459 3364 diversa,
485 3294 524 3351 ut
549 3283 764 3352 Graecorum
793 3285 843 3355 τὶς
869 3290 904 3346 et
929 3278 1138 3357 ato-eadem

131 3395 203 3468 siue
235 3394 504 3495 interrogatione
539 3391 704 3476 reddunt,
737 3407 797 3464 aut
826 3418 890 3493 per
922 3389 1137 3465 additionem

129 3513 306 3588 literarum
332 3511 592 3596 formativorum
620 3496 826 3584 formantur.
880 3509 1137 3608 Priorisgeue·

130 3632 176 3704 ris
210 3649 261 3704 est
290 3634 360 3722 ling,
393 3629 490 3732 quod
526 3645 617 3702 extra
653 3603 957 3726 interrogationem
987 3627 1136 3724 positum

128 3749 300 3852 siguificat
325 3745 512 3850 „alr'qm'rl”,
540 3762 650 3846 atque
673 3742 792 3817 itidem
827 3741 982 3814 llexionis
1004 3753 1136 3845 ven'pers

207 4035 253 4107 )
261 4037 375 4101 Nomen
407 4033 607 4104 substantivum
634 4030 732 4116 [rp-
689 4077 733 4090 ....
759 4049 820 4097 res,
853 4027 970 4096 eadem
987 4028 1096 4088 ratione
1124 4049 1138 4085 a

131 4125 305 4188 Pronomine
324 4099 575 4210 interrogativol'
591 4125 750 4202 derivatur
792 4127 795 4134 '
836 4169 865 4202 3¹
908 4183 910 4190 ,
979 4177 983 4204 ‚

861 4172 977 4300 ‘aar'
1049 4174 1051 4178 ⁵
