2948 4852
521 514 568 576 De
583 515 710 578 nomine.
1073 493 1126 567 9³

123 666 314 770 Singularis
357 684 405 750 et,
424 665 581 744 Pluralis.
636 677 675 745 In
710 670 940 746 Grammatico
977 669 1125 774 quidem

122 788 268 892 Dionys.
304 814 338 884 p.
365 788 426 862 34.
479 785 600 886 Dualis
633 815 778 889 quoque
810 787 984 862 Armeniis
1013 787 1126 863 vindi-

124 921 239 994 catur,
268 919 376 1004 atque
407 902 442 976 in
475 905 646 994 Nomine,‘
677 904 908 993 Pronomine,
936 909 974 978 'et
1004 905 1123 980 Verbo

123 1022 226 1098 flexio
265 1021 341 1120 ejus
381 1019 577 1122 profertum
617 1018 696 1112 sed,
733 1051 845 1124 quum
882 1022 1016 1100 somnae
1046 1022 1126 1097 illae

124 1167 300 1242 nusquam
325 1137 504 1242 legantur,
529 1138 692 1216 videntur
716 1140 842 1242 potius,
866 1141 995 1242 pariter
1014 1158 1125 1244 atque

125 1257 208 1348 alia,
234 1256 386 1360 quaein
413 1256 480 1330 hac
506 1259 737 1334 Grammatica
764 1275 969 1345 occurrunt,
1000 1258 1048 1334 ob'
1073 1259 1126 1333 ni-

125 1375 237 1450 mium
277 1373 406 1477 patriae
446 1372 656 1476 linguaeque
693 1394 857 1478 paternae
894 1359 1049 1452 amorem
1082 1375 1127 1450 ab

125 1493 316 1594 interprete
348 1493 449 1568 fictae
482 1491 575 1580 esic,
602 1509 643 1566 ut
672 1522 771 1568 suam
802 1492 955 1596 linguam
982 1521 1127 1595 graecae

127 1609 223 1686 nullal
248 1609 285 1684 in
307 1638 349 1683 ¹re
375 1607 651 1712 posthabendam
684 1641 758 1688 esse
783 1610 1007 1687 demonstret.
1057 1617 1129 1685 Ve-

128 1745 315 1806 runtamen
347 1753 458 1802 unum
492 1745 585 1804 certe
615 1730 754 1819 numeri
784 1727 895 1805 dualis
928 1729 1128 1832 exemplum

129 1845 224 1952 apud
250 1844 445 1932 Armenios,
470 1845 521 1922 uti
548 1846 641 1949 apud
658 1854 847 1936 Romanos,
871 1847 1052 1951 reperitur,
1076 1845 1131 1920 ida

129 1994 199 2067 que
236 1963 274 2040 in
306 1962 448 2038 nomine
481 1964 658 2041 numerali.
676 1967 788 2056 balat,
813 1965 1003 2056 ‘'t'lw'ffllv
1027 1967 1127 2056 ‘'Pl''-

128 2085 212 2180 elffii
238 2097 279 2156 ut
302 2081 339 2156 in
372 2079 429 2156 lat.
464 2079 592 2170 ambe,
624 2085 720 2172 clato,
744 2082 828 2158 latet
841 2083 892 2176 l);
933 2081 993 2157 sed
1025 2083 1134 2158 flexio.

133 2198 208 2298 ejus
226 2199 269 2277 ¹in
295 2211 446 2300 utraque
476 2196 594 2302 lingua
621 2200 811 2277 allexione
843 2202 979 2276 numeri
1013 2201 1129 2304 pluru-
1178 2259 1181 2266 .

132 2314 172 2400 lis
206 2344 278 2390 non
304 2313 434 2394 diflert.
526 2395 528 2404 ¹

208 2431 358 2508 Pluralis
402 2461 570 2511 numerus
607 2464 627 2512 a
664 2436 837 2540 Singulari
881 2438 977 2512 vario
1023 2435 1133 2512 modo

133 2553 325 2640 formatur,
356 2568 462 2654 atque
486 2552 582 2629 haud
609 2583 740 2657 paucae
771 2555 848 2654 ejus
872 2555 1133 2630 terminationes

134 2698 154 2744 a
187 2667 429 2746 Grammaticis
470 2670 684 2762 asseruntur,
721 2700 808 2776 quas
840 2701 934 2747 nunc
966 2669 1132 2776 deinceps

133 2814 313 2864 recensere
345 2815 380 2859 1n
407 2815 523 2864 ammo
549 2806 609 2864 est.

209 2903 425 2980 Terminatio
456 2911 500 3004 uls
525 2935 587 2984 seu
612 2912 689 2999 nul,
722 2907 750 2982 si
776 2905 861 3009 quid
892 2905 1013 2996 video,
1044 2904 1132 2980 salso

134 3024 205 3100 huc
240 3022 401 3100 refertur.
452 3029 529 3100 Vox
565 3026 660 3100 enim
694 3027 820 3117 ffllffll’
844 3027 865 3100 i.
893 3055 923 3102 e.
957 3026 1133 3125 msanteS,

131 3140 253 3241 pueri,
290 3138 428 3217 videtur
466 3143 624 3246 proprie.
641 3173 769 3219 nornen
807 3144 1016 3220 abstractum
1049 3171 1134 3228 esse,

137 3256 244 3360 idq-ue
269 3260 502 3361 compositum
529 3290 569 3338 ex
586 3263 704 3351 stabul
720 3281 764 3340 ÷
780 3267 823 3352 nl
847 3262 870 3337 i.
889 3292 919 3340 e.
946 3261 1135 3336 infantium
1234 3265 1235 3272 ’

136 3405 198 3452 seu
225 3403 417 3478 puerorum
443 3397 551 3470 aetas;
577 3379 718 3456 alteram
744 3407 866 3456 vocem
891 3381 1048 3469 nullnnult
1074 3377 1134 3452 ‹le-2
1174 3455 1179 3470 ,
1254 3414 1255 3422 “

136 3491 315 3569 rivandam
335 3521 480 3612 vcenseo
513 3505 556 3573 ab
587 3500 667 3591 ¹¹¹¹lt·
693 3517 735 3578 ÷
761 3503 803 3589 ml»
838 3528 903 3601 pro
937 3503 995 3588 nl,
1027 3514 1133 3596 atque

21 3605 23 3620 ’
137 3611 331 3714 significare
374 3611 480 3717 igitur
515 3616 657 3718 proprie
692 3618 851 3692 cadaver
892 3615 1132 3704 exsiccatum,

137 3731 329 3816 sceletum
353 3729 390 3804 in
416 3731 515 3806 tertia
541 3731 694 3836 denique
718 3761 813 3818 voce,
840 3759 931 3834 quae
957 3728 1146 3834 praeterea

216 3943 247 4016 l¹)
266 3937 343 4002 Hinc
361 3941 407 4002 ille
429 3943 562 4026 Dionysii
580 3941 718 4029 iulerpres
737 3963 885 4008 numeram
904 3945 1014 4008 dualem
1032 3941 1135 4005 Nomi-

142 4053 221 4108 num,
238 4034 443 4096 Pronnminum
467 4049 496 4099 et
515 4039 675 4102 Verborum
695 4061 747 4122 per
765 4040 889 4102 vocalem
914 4067 951 4101 cn
972 4065 1019 4108 seu
1038 4067 1055 4099 n
1075 4059 1132 4099 non

144 4126 204 4188 sine
223 4125 301 4190 omni
319 4127 383 4206 jure
401 4129 577 4195 formandum
597 4151 657 4195 esse
674 4147 778 4197 censet.
